1997 3272
882 228 931 256 21

227 323 442 378 spissaque
474 323 686 378 suspensis
721 315 959 364 fornacibus
992 338 1120 364 aurea
1151 339 1251 365 saxa
1617 332 1694 375 545

226 392 433 433 exsudant
464 391 660 446 pretium,
693 395 736 431 et
769 390 977 445 quaedam
1007 391 1182 432 fortasse
1214 393 1421 446 profundo

225 459 486 513 incomperta
517 458 657 498 iacent
687 457 899 511 similique
932 457 1114 498 obnoxia
1143 458 1281 498 sortei.

225 541 302 567 nec
331 527 445 567 locus
477 525 700 580 ingeniost,
735 525 845 566 oculi
876 530 920 566 te
952 524 1091 566 iudice
1123 525 1324 575 uincent3

225 608 325 633 nam
357 592 463 646 lapis
495 592 568 633 ille
599 591 709 646 riget
741 592 1066 646 praeclususque
1098 591 1267 646 ignibus
1299 591 1449 639 obstat,

224 659 259 699 si
288 658 430 713 paruis
461 664 620 700 torrere
654 659 760 700 uelis
793 658 992 713 caeloque
1025 659 1219 713 patenti:
1617 666 1700 708 550

223 726 422 767 candenti
451 741 677 781 pressoque
710 727 894 780 agedum
924 727 1090 768 fornace
1124 742 1277 777 coerce,

224 809 300 835 nec
330 794 504 835 sufferre
533 800 674 848 potest
704 809 783 835 nec
813 809 990 835 saeuum
1023 795 1147 835 durat
1180 795 1225 835 in
1256 795 1446 836 hostem:

223 863 410 904 uincitur
439 868 482 904 et
515 863 643 903 soluit
675 862 787 903 uires
820 867 1052 916 captusque
1084 862 1290 916 liquescit.

224 946 332 985 quae
363 930 523 971 maiora
551 936 678 985 put-as
709 936 855 971 autem
887 934 1101 970 tormenta
1131 930 1295 971 moueri

223 1014 343 1054 posse
373 1001 533 1039 manu?
564 1013 672 1052 quae
702 1003 825 1039 tanta
853 1004 980 1052 putas
1010 998 1207 1039 incendia
1235 998 1388 1040 nostris
1617 1007 1693 1050 555

224 1066 452 1108 sustentari
484 1067 643 1121 opibus,
676 1066 845 1121 quantis
876 1067 1114 1107 fornacibus
1146 1067 1288 1107 Aetna

223 1134 388 1175 uritur?
418 1148 466 1174 ac
496 1148 610 1174 sacro
639 1148 874 1188 numquam
904 1149 990 1175 non
1020 1134 1170 1175 fertilis
1200 1133 1301 1188 igni,

223 1202 296 1243 sed
326 1217 411 1243 non
441 1202 515 1257 qui
544 1208 686 1244 nostro
717 1203 854 1244 feruet
884 1203 1141 1244 moderatior
1169 1218 1260 1254 usu,

224 1269 296 1310 sed
327 1269 440 1310 caelo
470 1269 649 1324 propior,
681 1270 752 1310 uel
784 1270 900 1324 quali
926 1270 1122 1324 Iuppiter
1150 1271 1240 1324 ipse

222 1343 410 1378 armatus
442 1338 614 1377 flamma
647 1342 723 1378 est:
754 1337 821 1378 his
853 1337 1016 1378 uiribus
1049 1338 1220 1379 additur
1252 1338 1402 1393 ingens
1617 1337 1698 1389 560

223 1406 394 1460 spiritus
425 1405 636 1446 adstrictis
667 1405 792 1446 elisus
822 1405 1024 1456 faucibus,
1055 1411 1105 1447 ut
1137 1421 1234 1447 cum

222 1473 391 1514 fabriles
422 1487 571 1527 operae
601 1473 776 1514 rudibus
810 1474 1063 1515 contendere
1090 1474 1238 1515 massis

223 1541 438 1590 festinant,
471 1541 589 1595 ignes
622 1541 823 1595 quatiunt
855 1541 1060 1596 follesque
1092 1547 1325 1583 trementes

224 1608 471 1650 exanimant
501 1623 727 1663 pressoque
761 1609 968 1664 instigant
1001 1610 1169 1664 agmine
1202 1616 1391 1651 uentum.

335 1675 439 1716 haec
472 1676 608 1730 operis
639 1676 773 1717 forma
806 1682 880 1725 est,
915 1677 972 1718 sic
1002 1677 1155 1718 nobilis
1187 1677 1325 1718 uritur
1357 1677 1524 1718 Aetna:
1616 1676 1693 1727 565

222 1750 335 1785 terra
366 1744 642 1786 foraminibus
672 1745 784 1786 uires
814 1746 958 1795 trahit,
989 1752 1144 1801 urguet
1177 1746 1222 1786 in
1254 1752 1395 1787 artum

223 1812 406 1866 spiritus,
440 1811 611 1853 incendi
643 1813 708 1853 uis
740 1813 775 1853 it
807 1828 883 1868 per
917 1814 1104 1854 maxima
1136 1829 1246 1855 saxa„

336 1881 581 1934 magnificas
613 1880 739 1921 aedes
772 1895 1029 1935 operosaque
1062 1881 1200 1922 uisere
1232 1881 1394 1935 templa

222 1947 383 1988 diuitiis
414 1947 637 1988 hominum
671 1953 748 1989 aut
783 1948 908 1989 sacris
940 1949 1215 1989 memoranda
1250 1948 1432 1990 uetustis

221 2015 406 2056 traducti
441 2015 574 2056 maria
607 2021 650 2057 et
684 2021 818 2057 terras
849 2030 926 2070 per
957 2016 1151 2070 proxima
1181 2016 1280 2057 fatis
1619 2025 1701 2068 570

221 2084 436 2134 cru‘rimus,
470 2088 599 2138 atque
631 2084 747 2125 auidi
780 2084 937 2125 ueteris
967 2084 1188 2125 mendacia
1218 2084 1356 2125 famae

222 2151 408 2192 eruimus
440 2156 697 2206 cunctasque
734 2152 840 2193 libet
869 2167 1110 2206 percurrere
1143 2158 1319 2207 gentes:

222 2235 335 2261 nunc
367 2221 488 2261 iuuat
521 2220 697 2275 Ogygiis
733 2220 994 2261 circumdata
1025 2221 1194 2261 moenia
1224 2220 1381 2261 Thebis

107 2377 169 2408 543
192 2377 363 2410 Lenitiem
379 2390 411 2411 α.
457 2379 636 2419 plumbum
655 2381 820 2412 Gorallus.
867 2378 999 2419 plumbi
1022 2391 1088 2411 αω.
1180 2378 1243 2409 544
1264 2376 1408 2417 predum
1424 2388 1456 2409 α..
1546 2376 1608 2409 547
1632 2386 1700 2407 sor-

106 2428 155 2459 tei
169 2429 240 2460 Ed.
279 2431 366 2461 sorte
383 2441 406 2461 α,
418 2429 436 2461 ὃ
447 2431 473 2468 ζ.
522 2430 604 2461 sorti
619 2430 714 2472 yeS'.
807 2431 869 2461 548
892 2430 1061 2469 ingeniost
1076 2430 1149 2462 Ecl.
1195 2428 1331 2468 ingenio
1348 2430 1398 2459 est
1414 2426 1483 2465 ξς.
1528 2427 1703 2466 ingenium

108 2480 160 2510 est
175 2491 242 2511 αω.
331 2481 393 2512 549
415 2481 503 2512 Nam
518 2493 552 2513 ω.
601 2482 671 2512 Nec
687 2493 720 2513 α.
766 2481 843 2512 Non
858 2481 882 2519 ζ.
932 2481 1148 2520 preclususq3
1173 2491 1204 2511 α.
1252 2478 1474 2518 perculsaque
1490 2477 1518 2510 ὃ.
1568 2487 1702 2517 percus-

109 2539 232 2570 susque
247 2542 270 2572 γ
281 2542 305 2562 ε.
352 2532 526 2570 perculsus
543 2534 575 2562 et
590 2531 660 2570 ξς.
760 2532 821 2562 551
844 2541 1016 2571 pressosq;
1042 2543 1073 2562 α..
1119 2530 1257 2561 coherce
1273 2541 1336 2570 αγ.
1426 2529 1489 2558 554
1511 2538 1647 2559 mouere
1664 2540 1696 2561 α..

109 2581 172 2611 556
197 2580 388 2612 Sustentari
404 2581 445 2612 ς’.
519 2582 715 2613 Sustentare
732 2593 754 2613 α.
766 2594 801 2613 ω.
891 2581 1028 2620 quantis
1044 2582 1159 2612 Aldus.
1249 2579 1355 2610 tantis
1371 2590 1436 2610 αω.
1526 2578 1651 2611 aethna
1667 2591 1698 2612 u..

109 2632 171 2663 557
187 2641 226 2662 ac
241 2643 274 2663 α..
320 2641 340 2663 a
355 2644 388 2663 ω.
434 2642 504 2663 non
519 2634 631 2663 Aldus.
678 2642 740 2663 nec
756 2643 822 2664 αω.
890 2632 953 2662 560
970 2631 1105 2662 additur
1120 2643 1151 2662 u..
1202 2629 1337 2661 additus
1353 2641 1388 2660 ω.
1471 2629 1533 2661 561
1550 2630 1653 2661 elisus
1666 2642 1698 2663 α..

109 2681 201 2713 elisis
217 2693 251 2713 ω.
364 2681 426 2712 562
450 2691 551 2721 opera
566 2691 584 2713 e
610 2693 633 2713 α
644 2693 666 2723 γ
678 2681 696 2712 ὃ
710 2693 732 2713 ε.
843 2681 905 2711 564
928 2680 1137 2711 Examinant
1154 2691 1216 2721 αγ.
1264 2680 1425 2728 nentrum
1443 2690 1476 2711 α.
1523 2681 1645 2711 uentos
1664 2692 1698 2712 ω.

110 2740 172 2772 565
196 2740 304 2770 forma
322 2739 398 2771 Chr.
423 2740 516 2779 Wolf.
584 2739 675 2770 fama
695 2750 762 2770 σιω.
831 2748 966 2769 summa
982 2739 1143 2777 Scaliyer.
1211 2737 1370 2776 ignobilis
1394 2737 1505 2768 utitur
1527 2736 1653 2768 aethna
1668 2749 1700 2769 α..

111 2792 172 2824 567
195 2791 249 2822 m's
275 2790 302 2822 it
329 2792 398 2822 Ed.
445 2790 534 2821 uiuit
550 2802 614 2822 αω,
793 2789 855 2821 568
880 2789 979 2820 aedes
994 2790 1099 2819 Aldus
1116 2788 1208 2820 1534.
1267 2788 1384 2819 laudes
1400 2799 1465 2820 αω.
1524 2787 1654 2837 uiscera
1669 2800 1702 2821 α..

111 2848 241 2880 uiscere
257 2859 280 2880 ε.
460 2848 522 2878 569
547 2847 649 2878 sacris
665 2845 887 2877 memoranda
902 2846 1050 2877 uetustis
1066 2847 1137 2878 Ed.
1213 2855 1325 2878 sacras
1344 2848 1451 2886 (sacra
1465 2846 1500 2888 ω)
1518 2856 1706 2880 memorare

110 2900 264 2931 uetustas
281 2910 348 2931 αω.
417 2908 510 2930 sacra
526 2906 694 2929 marmora
709 2906 806 2929 resue
822 2898 978 2929 uetustas
995 2897 1154 2936 Scaliqer.
1287 2897 1349 2929 570
1371 2896 1479 2929 maria
1495 2899 1528 2930 et
1543 2899 1650 2931 terras
1667 2900 1706 2930 de
