1997 3272
1027 229 1082 269 42

248 325 316 374 τὴν
334 325 404 377 γάρ
422 327 487 363 τοῦ
505 323 675 365 Λάδωνος
695 323 850 374 Δάφνην
877 326 951 363 ἐκεῖ
973 326 1181 374 μεταφῦναι
1203 323 1359 376 λέγουσι
1382 322 1442 360 καὶ
1461 319 1628 371 ποταμός
1646 319 1767 360 αὐτοῖς
1785 321 1842 369 ῥεῖ

250 385 378 423 Λάδων
398 386 458 423 καὶ
478 385 596 434 φυτόν
614 388 765 436 τιμᾶται
783 387 867 436 παρ’
895 385 1018 427 αὐτοῖς
1038 385 1188 434 δάφνης,
1210 387 1319 423 τοῦτο
1345 384 1382 422 δὲ
1402 383 1443 422 τὸ
1463 383 1543 421 άντὶ
1562 384 1628 431 τῆς
1647 381 1839 429 παρθένου.

250 447 477 496 κυπαρίττων
495 464 534 486 τε
553 447 627 498 ὕψη
647 447 821 499 οἷμήχανα
839 448 1058 498 περιέστηκε
1079 449 1198 498 κύκλῳ
1217 446 1259 485 τό
1280 446 1376 496 ἱερὸν
1396 445 1455 482 καὶ
1474 443 1595 496 πηγάς
1615 442 1801 481 ἐκδίδωσιν
1822 440 1844 480 ό

248 511 368 560 χῶρος
387 509 572 559 ἀφθόνους
591 527 630 548 τε
650 510 710 547 καὶ
729 508 950 558 ἠρεμούσας,
973 509 1029 549 αἶς
1053 509 1116 547 τὸν
1134 508 1311 547 Ἀπόλλω
1338 507 1436 556 φασὶ
1454 505 1655 556 ῥαίνεσθαι.
1689 503 1844 543 ἐνταῦθα

250 571 470 621 κυπαρίττου
489 588 524 609 τι
545 572 644 621 ἔρνος
662 570 686 620 ἦ
705 573 755 623 γῆ
784 570 1005 608 άναδέδωκεν
1031 571 1090 608 ἐπὶ
1120 570 1341 620 Κυπαρίττῳ
1368 569 1486 617 φασὶν
1507 566 1640 618 ἐφήβῳ
1657 565 1847 615 Ἀσσυρίῳ

252 633 312 670 καὶ
330 635 527 671 πιστοῦται
549 632 616 681 τὴν
638 631 858 680 μεταβολήν
883 632 907 681 ή
940 632 1014 681 ὥρα
1042 634 1106 669 τοῦ
1134 633 1261 679 φυτοῦ.
1320 632 1427 667 Thus
1451 630 1607 678 Apollo,
1640 632 1648 648 ‘
1663 628 1740 672 Qui
1766 640 1852 664 rore

252 708 350 744 puro
371 695 562 732 Castaliae
584 695 683 731 lavit
708 694 845 731 Crines
869 693 1046 738 solutos',
1066 694 1099 729 15
1125 694 1237 730 made
1266 698 1306 729 to
1333 692 1452 728 bathe
1477 691 1587 727 them
1613 691 1655 726 in
1677 689 1744 725 the
1765 688 1851 724 Cas-

252 758 348 793 talia
367 758 410 793 of
426 757 594 806 Daphne
606 770 616 803 3
652 756 710 792 for
730 756 771 792 in
792 768 814 791 a
834 768 1001 804 passage,
1024 755 1068 791 of
1082 755 1210 791 which
1233 754 1254 790 I
1277 754 1358 790 will
1378 752 1577 802 presently
1597 755 1715 800 quote
1735 762 1852 794 more,

253 820 439 855 Sozonlen
459 832 544 867 says
566 818 776 855 ἐπιστεύετο
796 816 965 865 δὲ...ῥεῖν
988 815 1116 854 αύτόθι
1142 816 1202 854 καὶ
1228 815 1321 864 ὕδωρ
1344 812 1518 863 μαντικὸν
1541 811 1614 850 dm}
1636 810 1857 850 Κασταλίας

252 881 318 928 τῆς
343 881 477 930 πηγῆς,
500 877 633 927 ὁμοίως
660 880 726 926 τῆς
753 881 790 915 ἐν
820 880 988 926 Δελφοῖς
1007 878 1186 929 ἐνεργείας
1214 893 1254 915 τε
1283 877 1343 914 καὶ
1371 874 1628 926 προσηγορίας
1651 873 1852 923 λαχούσης.

253 944 350 980 And
369 943 437 980 the
464 946 572 990 story
593 942 637 978 of
659 941 889 990 Cyparissus
909 954 987 976 was
1013 939 1286 989 transplanted
1315 940 1357 975 in
1383 938 1451 974 the
1478 950 1582 973 sanic
1604 949 1689 984 way
1708 949 1749 971 as
1769 935 1857 971 that

253 1006 297 1041 of
320 1005 510 1054 Daphncj
546 1004 614 1040 the
646 1016 842 1051 cypresses
870 1002 958 1038 thar
985 1002 1219 1051 symbolised
1246 1001 1329 1036 him
1360 1000 1476 1048 being
1505 1011 1546 1034 so
1574 999 1680 1047 large
1708 996 1785 1033 and
1815 1010 1856 1033 5ο

252 1066 401 1102 famous
422 1065 510 1101 that
531 1065 597 1101 the
617 1065 710 1101 code
730 1065 773 1100 of
785 1063 990 1100 Justinian
1011 1076 1108 1099 even
1129 1062 1310 1111 specially
1332 1065 1463 1098 enacts
1483 1059 1578 1108 they
1599 1059 1698 1095 shall
1719 1062 1789 1094 not
1809 1058 1856 1094 be

253 1132 320 1164 cut
333 1128 446 1164 down
467 1140 509 1163 01·
530 1127 622 1163 sold.
682 1124 978 1171 sozomen‚hisb.
989 1125 1117 1161 eccles.
1130 1136 1154 1160 v
1174 1125 1231 1170 19,
1254 1124 1354 1159 after
1379 1121 1597 1170 dcscribing
1617 1120 1685 1156 the
1705 1119 1857 1155 charms

253 1190 297 1225 of
321 1188 500 1237 Daphne,
532 1187 640 1224 these
669 1199 864 1235 cypressos
893 1186 971 1221 and
1005 1186 1109 1221 their
1141 1185 1303 1221 rooflike
1332 1183 1465 1225 shade,
1494 1182 1562 1218 the
1595 1182 1757 1227 flowers‚
1789 1180 1857 1218 the

254 1254 405 1293 waters,
425 1262 513 1298 goes
542 1262 592 1285 011
617 1252 657 1284 to
681 1261 749 1295 say
770 1245 923 1283 ἐνταῦθα
949 1245 988 1282 δὲ
1015 1245 1140 1285 παῖδες
1159 1244 1350 1293 Ἑλλήνων
1378 1244 1579 1292 μυθεύουσι
1608 1241 1766 1290 Δάφνην
1790 1240 1858 1290 τὴν

254 1309 423 1350 Λάδωνος
448 1312 513 1347 τοῦ
537 1311 717 1357 ποταμοῦ,
741 1307 781 1352 ἐξ
805 1306 1003 1356 Ἀρκαδίας
1031 1306 1245 1358 φεύγουσαν
1273 1305 1496 1343 Ἀπόλλωνα
1521 1303 1586 1341 τόν
1612 1302 1783 1353 ἐραστήν,
1810 1304 1858 1343 εἷς

253 1371 446 1421 ὁμώνυμον
478 1370 596 1420 φυτόν
629 1369 742 1418 αὐτὴν
774 1369 1017 1418 μεταβαλεῖν·
1059 1367 1124 1406 τὸν
1155 1367 1193 1405 δὲ
1226 1367 1318 1417 μηδὲ
1353 1366 1463 1406 οὕτως
1496 1365 1763 1418 ἀπαλλαγέντα
1791 1367 1858 1403 τοῦ

253 1433 393 1474 πάθους
417 1432 702 1481 στεφανωθῆναι
726 1434 803 1471 τοῖς
832 1430 980 1470 κλάδοις
997 1432 1062 1479 τῆς
1089 1430 1268 1479 ἐρωμένης
1291 1430 1350 1467 καὶ
1377 1428 1523 1478 δένδρον
1554 1427 1669 1466 οὖσαν
1688 1427 1859 1477 περιπτύ-

254 1496 391 1541 ξασθαι
411 1497 469 1534 καὶ
489 1498 535 1546 τῇ
554 1494 756 1545 προσεδρίᾳ
774 1493 819 1532 τά
838 1493 1006 1543 μάλιστα
1028 1495 1186 1543 τιμῆσαι
1204 1492 1245 1531 τό
1264 1493 1409 1543 χωρίον,
1425 1492 1524 1541 εἴπερ
1540 1509 1576 1530 τι
1595 1491 1692 1529 ἄλλο
1713 1507 1858 1542 κεχαρι-
1903 1513 1906 1516 ·

255 1559 393 1608 σμένον
412 1559 516 1608 αὐτῷ.
576 1558 829 1607 Chrysostom
844 1556 886 1592 in
905 1556 966 1592 his
987 1556 1135 1604 homily
1155 1569 1206 1592 on
1227 1554 1286 1591 St.
1307 1555 1476 1604 Babylas
1496 1554 1708 1590 discourses
1728 1554 1770 1589 in
1790 1554 1858 1590 the

254 1634 359 1657 sanie
388 1621 523 1666 strain,
545 1621 619 1656 vol.
637 1620 793 1656 1155GB
811 1618 878 1666 τήν
904 1617 1062 1666 Δάφνην
1088 1617 1199 1667 κόρην
1224 1615 1339 1654 οὖσάν
1368 1620 1465 1665 φησι
1493 1615 1553 1653 καὶ
1582 1614 1764 1666 θυγατέρα
1792 1617 1858 1654 τοῦ

254 1681 425 1722 Λάδωνος
452 1679 812 1730 ποταμοῦ...ταύτην
851 1677 914 1716 οὖν
950 1677 1018 1727 τὴν
1058 1677 1171 1727 κόρην
1200 1677 1387 1727 εὔμορφον
1416 1676 1533 1715 οὖσαν
1562 1676 1649 1714 ἰδεῖν
1677 1677 1768 1714 ποτὲ
1794 1676 1859 1716 τόν

253 1742 431 1781 Ἀπόλλω
451 1742 550 1791 φασί
560 1755 567 1780 t
598 1742 675 1779 and
691 1742 784 1779 then
801 1742 869 1778 the
882 1745 989 1790 story
1005 1741 1048 1777 of
1063 1741 1130 1778 the
1146 1741 1257 1778 chase
1271 1741 1348 1777 and
1364 1739 1707 1789 metamorphosis:
1736 1737 1801 1776 τόν
1820 1738 1858 1777 δὲ

254 1803 465 1843 ἀκόλαστον
493 1803 651 1854 ἐραστήν
674 1802 907 1853 άποτυχόντα
932 1805 1004 1840 τῶν
1023 1801 1199 1839 παιδικῶν
1224 1800 1498 1851 περιπλακῆναί
1514 1817 1554 1838 τε
1576 1801 1626 1850 τῷ
1645 1798 1777 1850 δένδρῳ
1799 1800 1860 1839 καὶ

255 1866 518 1905 οἰκειώσασθαι
538 1866 597 1903 καὶ
615 1865 657 1903 τὸ
678 1864 795 1913 φυτὸν
807 1864 866 1902 καὶ
877 1864 940 1902 τόν
960 1863 1085 1910 τόπον,
1104 1864 1164 1901 καὶ
1176 1862 1433 1913 προσεδρεύειν
1447 1865 1495 1913 τῷ
1509 1862 1628 1913 χωρίῳ
1640 1861 1775 1900 λοιπὸν
1796 1862 1857 1900 καὶ

255 1930 364 1966 τοῦτο
384 1928 507 1977 πάσης
534 1930 600 1975 τῆς
618 1929 687 1978 γῆς
705 1926 872 1975 μάλιστα
891 1925 1129 1971 ἀσπάζεσθαι
1149 1925 1209 1962 καὶ
1229 1926 1366 1974 φιλεῖν·
1407 1924 1586 1962 κελεῦσαί
1601 1940 1641 1961 τε
1659 1923 1724 1962 τόν
1742 1924 1857 1973 βασι-

255 1990 412 2029 λεύοντα
433 1990 518 2029 τότε
537 1989 626 2028 νεῶν
648 1987 742 2038 αύτῷ
765 1987 962 2037 δείμασθαι
985 1987 1044 2024 καὶ
1063 1986 1202 2035 βωμόν.
1246 1988 1414 2024 Nomius
1438 1986 1642 2032 therefore,
1666 1997 1751 2022 XLII
1767 1987 1854 2033 387,

255 2067 345 2102 may
376 2053 463 2089 well
493 2066 558 2101 say
589 2050 666 2088 Καὶ
704 2048 864 2101 θυγάτηρ
897 2048 1068 2088 Λάδωνος
1104 2048 1316 2097 άειδομένου
1349 2049 1544 2096 ποταμοῖο,
1575 2046 1696 2098 ’Έργα
1732 2046 1860 2098 γάμων

256 2114 479 2166 στυγέουσα,
493 2113 604 2162 δέμας
619 2111 847 2161 δενδρώσατο
860 2110 987 2160 νύμφη
1000 2126 1007 2148 :
1038 2123 1171 2147 XXXIII
1190 2111 1264 2147 210
1279 2109 1394 2147 Εἶπεν
1409 2108 1656 2158 ἀνυμφεύτοιο
1669 2108 1859 2158 ποδήνεμα

255 2175 415 2227 γούνατα
434 2175 590 2224 νύμφης,
605 2176 691 2214 Πῶς
703 2175 792 2211 ποτὲ
805 2173 949 2222 Φοῖβον
969 2173 1110 2224 ἔφευγε,
1127 2172 1278 2222 Βορηίδι
1290 2171 1496 2221 σύνδρομος
1509 2170 1611 2221 αὔρῃ,
1634 2173 1722 2210 Πῶς
1741 2169 1861 2220 διερὸν

256 2238 357 2286 παρά
384 2239 504 2288 χεῦμα
531 2236 782 2285 τιταινομένου
810 2236 993 2284 ποταμοῖο
1022 2234 1230 2283 Παρθένιον
1259 2233 1356 2271 πόδα
1386 2236 1479 2282 πῆξε
1507 2232 1593 2282 παρ’
1625 2232 1860 2282 εὐρυρέεθρον

255 2297 444 2347 Ὀρόντην,
459 2298 629 2336 ’Όπποτε
647 2299 735 2349 γαῖα
750 2298 918 2347 χανοῦσα
932 2295 1017 2345 παρ’
1034 2295 1182 2344 εὐύδρου
1202 2295 1327 2344 στόμα
1342 2295 1475 2343 λίμνης
1494 2294 1619 2332 Παῖδα
1638 2294 1860 2343 διωκομένην

256 2360 458 2410 οἷκτίρμονι
483 2359 611 2403 δέξατο
631 2358 765 2409 κόλπῳ.
826 2358 1020 2394 Scholiasb
1045 2361 1085 2394 'eo
1110 2358 1343 2406 Lycophron
1374 2357 1395 2393 6
1426 2356 1556 2394 Λάδων
1582 2355 1602 2393 ὁ
1629 2359 1666 2394 ἐν
1684 2355 1860 2407 Ἀρκαδίᾳ

256 2420 420 2470 ποταμός
438 2423 484 2471 τῇ
503 2422 552 2472 γῇ
572 2418 840 2471 συγγενόμενος
856 2418 1028 2470 ἐγέννησε
1047 2417 1160 2455 παῖδα
1180 2417 1330 2466 ὀνόματι
1347 2416 1505 2465 Δάφνην
1524 2434 1555 2455 κ.
1566 2433 1595 2454 τ.
1606 2419 1639 2454 λ.
1691 2418 1742 2454 So
1758 2431 1860 2455 com-

255 2484 401 2533 pletely
411 2497 499 2520 now
512 2483 588 2519 had
603 2482 670 2518 the
686 2481 877 2530 daughter
892 2482 935 2517 of
947 2480 1081 2517 Ladon
1097 2480 1332 2529 supplanted
1348 2480 1415 2516 the
1432 2479 1623 2528 daughter
1638 2479 1682 2515 of
1692 2479 1856 2526 Peneus,

256 2546 344 2582 that
359 2545 583 2590 Pausanias,
598 2555 623 2580 x
633 2544 653 2582 7
674 2544 707 2589 8,
724 2556 795 2580 can
810 2556 875 2592 say
890 2541 1030 2590 δάφνης
1045 2540 1083 2579 δὲ
1098 2541 1283 2589 στέφανος
1300 2540 1359 2577 ἐπὶ
1374 2543 1445 2578 τῶν
1460 2540 1609 2578 Πυθίων
1624 2542 1671 2590 τῇ
1686 2540 1766 2591 νίκῃ
1781 2539 1859 2578 κατ’

197 2632 204 2638 -
256 2605 353 2643 ἄλλο
383 2606 451 2654 μὲν
482 2604 563 2654 ἐμοὶ
591 2603 710 2642 δοκεῖν
736 2603 838 2641 ἐστὶν
864 2601 977 2651 οὐδέν,
1000 2602 1056 2640 ὅτι
1079 2602 1117 2640 δὲ
1141 2604 1207 2651 τῆς
1236 2601 1406 2642 Λάδωνος
1434 2601 1614 2653 θυγατρὸς
1634 2600 1858 2639 Ἀπόλλωνα

257 2667 459 2716 ἐρασθῆναι
479 2666 706 2716 κατέσχηκεν
724 2664 748 2713 ἦ
769 2664 886 2714 φήμη.
946 2665 1033 2702 Nor
1051 2678 1130 2701 was
1150 2665 1217 2701 she
1237 2664 1310 2701 less
1325 2665 1470 2701 known
1487 2668 1529 2700 to
1548 2664 1667 2700 Latin
1683 2664 1856 2702 writers:

258 2729 535 2777 ServiusVirg.
548 2728 613 2765 ecl.
626 2739 676 2764 111
691 2728 739 2764 63
773 2727 945 2764 ‘Scimus
972 2731 1011 2764 et>
1038 2726 1234 2776 Daphnen
1266 2726 1437 2763 Ladonis
1459 2726 1633 2762 fluminis
1662 2726 1856 2764 Arcadiae

257 2791 376 2828 filiam
398 2790 581 2826 dilectam
599 2790 648 2826 ab
668 2789 855 2838 Apolline
877 2793 916 2826 ef,
936 2789 1078 2826 Terrae
1102 2788 1351 2824 miseratione
1371 2788 1413 2824 in
1433 2788 1588 2824 laurum
1609 2800 1855 2825 conversam:

256 2853 307 2890 id.
322 2852 462 2888 Aen.11
477 2852 554 2887 513
577 2856 585 2872 ‘
600 2851 767 2900 Daphne
788 2850 869 2887 filia
891 2850 1062 2887 Ladonis
1087 2849 1200 2886 fluuii
1220 2849 1414 2886 Arcadiae
1440 2853 1479 2886 et
1499 2849 1639 2885 Terrae
1659 2849 1738 2885 fuit
1762 2852 1853 2887 cen:

257 2915 349 2954 ibid.
367 2913 442 2951 680
463 2913 511 2949 110
530 2913 619 2949 tells
638 2913 706 2949 the
726 2916 834 2960 story
854 2912 897 2949 of
913 2911 1150 2961 Cyparissus,
1173 2911 1260 2948 how
1281 2910 1439 2948 ‘relicta
1459 2910 1576 2947 Creta
1594 2910 1644 2948 ad
1665 2910 1854 2947 Orontem
