1997 3272
889 262 931 303 15

230 375 308 402 nec
338 375 491 416 paruas
521 359 737 401 mendicat
767 373 866 413 opes
892 372 970 399 nec
1001 363 1200 412 conrogat
1231 373 1364 400 auras.

229 434 396 483 praesto
427 433 527 469 sunt
557 441 708 481 operae
738 431 968 467 uentorum
999 426 1196 466 examina
1226 441 1417 480 semper:

229 510 354 536 causa
382 495 488 535 latet
519 508 627 548 quae
658 497 829 547 rumpat
859 492 942 533 iter
971 497 1178 546 cogatque
1207 493 1372 532 morari.

230 578 353 617 saepe
382 561 539 616 premit
569 561 710 601 fauces
740 561 906 614 magnis
938 565 1131 601 extructa
1160 560 1296 600 ruinis

228 632 441 686 congeries
471 630 716 684 clauditque
746 630 838 671 uias
868 624 1100 670 luctamine
1132 629 1185 669 ab
1216 629 1302 669 imo
1628 639 1648 679 3

230 704 283 747 et,
316 698 445 753 spisso
475 697 613 739 ueluti
642 703 766 744 tecto,
800 697 878 737 sub
905 696 1091 751 pondere
1119 701 1310 750 praestat

228 767 344 808 haud
376 766 504 807 simili
536 772 722 821 strepere
753 766 830 806 hos
864 780 999 814 cursu,
1033 780 1130 806 cum
1162 764 1315 818 frigida
1346 763 1484 804 monti

231 834 392 875 desidia
424 840 487 875 est
520 839 699 888 tutoque
734 834 834 874 licet
867 833 1057 873 desidere
1090 831 1243 873 uentis,

229 908 325 957 post
355 903 429 943 ubi
460 902 710 951 conticuere,
742 915 861 942 mora
892 900 1081 941 uelocius
1112 904 1291 953 urgent:

229 971 396 1026 pellunt
427 970 609 1025 oppositi
637 969 769 1010 moles
803 983 850 1009 ae
881 968 1055 1009 uincula
1087 972 1306 1021 rumpunt,
1630 965 1712 1015 380

232 1039 433 1094 quicquid
465 1040 511 1080 in
544 1039 765 1093 obliquum
801 1043 875 1086 est,
915 1038 1118 1092 frangunt
1154 1037 1248 1083 iter,
1283 1034 1417 1076 acrior
1450 1033 1540 1075 ictu

231 1107 417 1162 impetus
448 1107 645 1156 exoritur,
679 1107 845 1161 magnis
878 1112 1052 1161 operata
1084 1105 1243 1160 rapinis

231 1175 404 1216 flamma
435 1176 564 1216 micat
597 1176 789 1230 latosque
824 1190 951 1216 ruens
986 1173 1177 1216 exundat
1210 1174 1255 1215 in
1287 1186 1434 1227 agros3

231 1243 267 1283 si
297 1249 458 1284 cessata
487 1242 561 1283 diu
591 1243 781 1284 referunt
812 1243 1053 1297 spectacula
1083 1241 1215 1282 uenti.

233 1325 346 1351 nunc
381 1316 584 1364 superant
617 1324 910 1364 quaecumque
943 1310 1084 1364 rigant
1116 1307 1314 1349 incendia
1346 1306 1504 1357 siluae3
1631 1308 1707 1357 385

233 1391 342 1431 quae
374 1377 557 1418 flammis
591 1378 796 1418 alimenta
828 1383 993 1425 uocant,
1029 1376 1142 1431 quod
1174 1375 1338 1416 nutriet
1370 1374 1522 1423 Aetna,

232 1444 402 1484 incendi
430 1449 657 1498 poterunt:
696 1444 780 1485 illis
812 1444 1041 1485 uernacula
1075 1443 1210 1484 causis

234 1513 414 1554 materia
445 1513 771 1568 adpositumque
803 1514 891 1568 igni
924 1528 1058 1568 genus
1090 1513 1197 1553 utile
1231 1516 1418 1552 terraest.

235 1581 373 1621 uritur
405 1581 570 1622 assidue
603 1581 762 1623 calidus
794 1597 907 1623 nunc
941 1582 1155 1636 sulphuris
1187 1581 1351 1629 humor,

236 1664 349 1690 nunc
383 1649 540 1704 spissus
574 1650 718 1691 crebro
750 1650 980 1704 praebetur
1012 1649 1200 1690 alumine
1235 1662 1369 1696 sucus,
1635 1656 1716 1696 390

235 1718 394 1773 pingue
429 1719 625 1760 bitumen
658 1719 778 1761 adest
812 1725 854 1760 et
887 1718 1090 1774 quicquid
1120 1717 1357 1759 comminus
1390 1714 1495 1756 acris

236 1788 375 1828 irritat
406 1788 625 1829 flammas:
658 1788 773 1829 illius
806 1788 988 1842 corporis
1020 1787 1164 1828 Aetna
1198 1791 1274 1827 est.

235 1861 364 1910 atque
394 1856 505 1897 hanc
536 1856 761 1896 materiam
793 1856 965 1910 penitus
998 1855 1238 1902 discurrere,
1272 1853 1411 1893 fontes

238 1925 419 1966 infectae
452 1931 712 1979 rumpuntur
745 1940 879 1980 aquae
912 1925 1051 1966 radice
1085 1924 1162 1965 sub
1195 1924 1297 1978 ipsa.

235 2008 331 2048 pars
364 1992 493 2033 oculis
526 1993 752 2034 manifesta
784 1993 893 2034 iacet
926 2007 1035 2047 quae
1067 1992 1214 2032 robore
1248 1990 1354 2031 dura
1387 1993 1450 2029 est
1634 1997 1654 2036 3

235 2075 283 2102 ac
315 2060 446 2114 lapis:
486 2059 531 2100 in
563 2060 715 2115 pingui
746 2060 914 2101 seruent
947 2059 1144 2101 incendia
1175 2073 1282 2099 suco.

238 2127 343 2182 quin
376 2128 507 2169 etiam
539 2129 657 2170 uarie
690 2129 901 2184 quaedam
935 2129 1024 2170 sine
1057 2128 1247 2170 alumine
1281 2140 1382 2168 saxa

235 2200 327 2236 toto
362 2202 508 2237 monte
540 2197 733 2251 liquant:
773 2198 855 2238 illis
888 2198 1080 2239 custodia
1111 2197 1310 2238 flammae

1657 639 1678 680 NI

1686 637 1704 679 υι

1661 1998 1686 2038 &O

1693 1994 1710 2036 υἶ

122 2295 190 2326 Aut
208 2296 267 2334 αζ.
312 2297 416 2327 Haud
431 2309 486 2339 γε.
618 2300 681 2332 370
705 2299 832 2331 diuinis
848 2301 965 2332 Aldus.
1012 2300 1144 2332 diuitiis
1160 2312 1183 2332 α
1195 2312 1230 2333 ω.
1298 2301 1369 2330 tam
1387 2297 1406 2330 ὃ
1417 2296 1460 2329 ς’.
1511 2296 1581 2328 iam
1598 2307 1676 2337 αγε
1687 2295 1714 2333 ζ-

121 2347 271 2385 aegestas
288 2358 321 2378 α.
410 2348 471 2379 371
493 2357 616 2387 paruas
632 2361 665 2380 α..
710 2359 816 2389 paruo
832 2363 868 2382 ω.
957 2351 1019 2383 372
1043 2360 1164 2390 operae
1180 2349 1250 2382 ὃς.
1297 2358 1395 2389 opere
1411 2348 1465 2386 αζ.
1511 2346 1603 2386 operi
1619 2345 1714 2388 γες.

121 2399 183 2429 373
215 2407 299 2436 quae
329 2400 465 2437 rumpat
495 2398 560 2429 iter
589 2411 614 2432 οι
639 2400 800 2439 Scaliyer.
867 2403 1034 2441 quaerunt
1065 2401 1199 2441 pariter*
1221 2413 1256 2432 ω.
1431 2398 1495 2431 374
1531 2397 1617 2436 Sepe
1647 2408 1670 2427 α·
1681 2407 1713 2437 Υ·

121 2473 183 2505 375
206 2449 375 2503 luctafliniiur
391 2484 423 2504 α.
512 2474 574 2506 376
598 2474 706 2514 spisso
721 2476 838 2506 Jacob.
884 2475 987 2506 scisso
1011 2487 1078 2507 αω.
1169 2477 1231 2507 377
1255 2473 1359 2505 simili
1376 2475 1522 2512 strepere
1537 2471 1598 2501 hos
1615 2479 1716 2501 cursu

121 2527 194 2556 Ed.
262 2525 384 2556 similis
399 2527 533 2556 teneros
549 2536 651 2558 cursu
667 2539 699 2558 α..
769 2527 892 2558 similis
908 2529 1042 2558 teneros
1059 2537 1118 2558 cur
1134 2537 1169 2558 se
1191 2527 1253 2569 γδ.
1321 2525 1397 2557 sitis
1412 2527 1547 2556 teneros
1565 2532 1623 2553 cur
1639 2532 1674 2552 se
1690 2533 1715 2552 ε.

122 2578 185 2609 378
208 2576 359 2607 desidere
385 2576 498 2607 uentis
523 2577 639 2608 Jacob.
707 2577 878 2609 discedere
901 2580 1022 2609 uentos
1042 2579 1239 2618 Wernsdorjf.
1306 2574 1475 2606 discedere
1490 2574 1624 2604 montes
1647 2584 1715 2603 αω.

123 2629 186 2660 379
209 2627 400 2659 conticuere
430 2639 519 2669 αγε.
587 2629 746 2659 contuere
777 2627 808 2659 8.
982 2628 1045 2659 384
1068 2630 1177 2659 cessat
1202 2627 1318 2658 adim-e
1343 2626 1391 2667 (or
1407 2636 1426 2657 a
1441 2625 1527 2663 iure)
1551 2624 1665 2654 ferunt
1680 2635 1714 2654 ω.

123 2679 186 2711 385
207 2679 318 2718 rigant
334 2680 406 2709 Ed.
452 2680 570 2717 regant
587 2690 619 2709 ω.
731 2679 793 2709 386
816 2678 965 2709 flammis
980 2678 1050 2717 351
1096 2679 1252 2710 flammas
1269 2690 1336 2709 αω.
1382 2677 1506 2707 uocant
1523 2674 1534 2715 (
1544 2674 1712 2714 :namma

123 2732 194 2762 Ed.
248 2731 370 2760 nocent
387 2741 453 2761 αω.
509 2730 632 2760 uacent
648 2729 806 2768 Scaligyer.
863 2729 952 2768 quod
967 2741 989 2771 γ
1001 2741 1014 2760 ε
1025 2729 1051 2767 ζ.
1105 2729 1186 2768 quid
1201 2741 1224 2760 α.
1235 2727 1278 2760 5‘.
1325 2727 1399 2767 quit
1414 2725 1444 2758 ὃ.
1498 2725 1627 2756 nutriet
1643 2725 1714 2755 Ed.

122 2784 253 2816 nutriat
269 2796 292 2816 α
304 2796 337 2815 ω.
386 2782 511 2815 aethna
526 2794 559 2815 α.
688 2784 750 2814 388
773 2785 882 2814 terrae
899 2783 950 2813 est
969 2783 1164 2823 Wernsdorf.
1210 2782 1339 2813 terrent
1361 2792 1384 2813 α
1396 2793 1431 2812 ω.
1556 2779 1618 2810 390
1641 2787 1714 2818 pre-

123 2837 223 2867 betur
247 2847 279 2867 α.
346 2834 496 2866 alumine
519 2835 634 2865 Jacob.
700 2833 842 2864 numine
869 2833 933 2865 αὸ.
1001 2833 1130 2864 uimine
1154 2832 1225 2871 ζέ.
1443 2832 1506 2863 392
1529 2827 1663 2861 aethna
1680 2842 1714 2862 α.

123 2886 187 2918 394
209 2886 415 2926 rumpimtur
429 2894 535 2923 aquae
550 2885 622 2915 Ed.
668 2883 856 2923 eripiantur
871 2884 944 2922 atq;
969 2894 1002 2915 α..
1049 2882 1237 2923 eripiantur
1259 2892 1342 2922 aque
1359 2882 1389 2915 8.
1499 2883 1562 2913 396
1585 2881 1623 2912 in
1646 2893 1712 2913 aff.

126 2939 161 2970 at
176 2939 291 2969 Jacob.
467 2937 528 2968 397
554 2934 704 2966 alumine
719 2936 790 2966 Ed.
878 2934 1020 2965 numine
1041 2946 1063 2966 α.
1073 2934 1103 2965 ὃ.
1190 2934 1329 2966 nomine
1343 2946 1365 2976 γ
1375 2946 1397 2967 ε.
1489 2933 1619 2976 uimine
1642 2933 1713 2972 ξς.
