1997 3272
855 262 905 301 Ι9

196 359 353 414 quippe
385 357 493 399 nihil
524 361 706 403 reuocat,
741 354 881 396 curuis
913 353 1021 394 nihil
1057 353 1225 407 ignibus
1257 354 1409 401 obstat,

196 428 314 467 nulla
345 431 464 467 tenet
495 425 652 465 frustra
684 423 839 464 moles:
875 422 1003 462 simul
1037 421 1182 462 omnia
1216 428 1421 475 pugnant.

196 509 308 534 nunc
339 494 471 533 siluae
504 506 714 546 rupesque
746 496 891 532 rotant
926 490 1029 530 haec
1061 490 1158 537 tela,
1192 489 1412 542 solumque

197 562 336 615 ipsum
366 559 532 600 adiutat
566 573 665 612 opes
697 557 925 611 facilesque
958 557 1039 597 sibi
1074 556 1215 597 induit
1249 556 1395 596 amnis.
1587 565 1673 605 490

196 627 309 682 quod
341 627 375 667 si
406 626 514 667 forte
547 625 661 666 cauis
694 630 918 665 cunctatus
950 623 1133 664 uallibus
1165 623 1314 672 haesit,

195 700 344 749 utpote
377 692 610 747 inaequalis
642 693 820 733 uoluens
852 690 1117 746 perpascitur
1149 704 1278 744 agros,

194 761 430 816 ingeminat
464 761 617 801 fluctus
649 765 693 800 et
725 759 939 800 stantibus
971 759 1160 812 increpat
1192 758 1317 798 undis

198 830 322 883 (sicut
353 844 450 870 cum
480 828 676 882 rapidum
708 841 837 867 curuo
870 841 986 866 mare
1020 825 1231 866 cernimus
1265 825 1428 878 aestu):

195 913 242 939 ac
274 898 459 952 primum
492 897 643 944 tenuis,
678 896 804 936 simas
840 895 929 950 agit
960 895 1192 936 ulteriores.
1587 901 1668 944 495

193 965 464 1020 progrediens
496 964 582 1005 late
613 963 878 1011 diffunditur,
914 968 957 1003 et
990 977 1240 1004 succernens

195 1100 373 1141 flumina
403 1099 641 1140 consistunt
671 1098 773 1153 ripis
803 1112 851 1139 ac
881 1098 1050 1152 frigore
1065 1098 1232 1147 durant,

195 1168 487 1223 paulatimque
521 1167 640 1221 ignes
673 1172 826 1207 coeunt
856 1181 903 1207 ac
934 1166 1132 1207 flammea
1162 1166 1317 1207 messis.

198 1236 368 1276 exuitur
400 1235 527 1276 facies
557 1240 664 1283 tum,
695 1233 832 1287 prima
861 1238 911 1273 ut
941 1247 1133 1287 quaeque
1164 1233 1357 1287 rigescit:

198 1303 375 1345 effumat
407 1303 538 1343 moles
571 1308 701 1356 atque
733 1302 824 1355 ipso
860 1301 1046 1355 pondere
1079 1306 1216 1341 tracta
1593 1311 1676 1352 500

194 1371 387 1411 uoluitur
418 1370 583 1425 ingenti
616 1369 808 1424 strepitu,
844 1384 1128 1424 praecepsque
1162 1369 1330 1410 sonanti

198 1453 296 1480 cum
330 1438 461 1479 solido
494 1438 657 1478 inflicta
689 1444 762 1487 est,
795 1438 986 1492 pulsatos
1016 1438 1191 1492 dissipat
1224 1438 1342 1487 ictus,

197 1511 240 1546 et
272 1520 356 1560 qua
387 1505 568 1546 disclusa
600 1511 664 1546 est
699 1505 899 1546 candenti
934 1505 1081 1545 robore
1115 1505 1260 1559 fulget.

198 1573 352 1613 emicat
385 1587 588 1614 examen:
623 1573 758 1627 plagis
791 1572 985 1613 ardentia
1019 1587 1130 1620 saxa,

198 1639 410 1689 scintillas,
443 1640 588 1694 procul
621 1655 709 1681 esse
743 1639 858 1688 fides,
891 1640 1037 1694 procul
1069 1653 1158 1680 esse
1194 1639 1365 1680 ruentis
1595 1648 1672 1690 505

198 1707 400 1748 incolumi
430 1707 595 1748 feruore
627 1707 810 1758 cadunt;
842 1722 993 1748 uerum
1026 1707 1212 1761 impetus
1248 1707 1367 1761 ignes

199 1777 422 1830 Symaethi
452 1777 665 1831 quondam
699 1781 748 1817 ut
779 1777 891 1831 ripas
921 1777 1133 1818 traiecerit
1165 1777 1312 1824 amnis,

198 1845 273 1885 uix
306 1845 461 1886 iunctis
495 1846 720 1900 quisquam
756 1846 852 1886 faxo
883 1845 1112 1886 dimouerit
1144 1845 1262 1885 illas:

197 1913 367 1953 uicenos
399 1927 600 1967 persaepe
632 1913 761 1967 pedes
794 1913 903 1954 iacet
932 1913 1084 1953 obruta
1117 1912 1257 1952 moles.

313 1980 386 2021 sed
418 1980 575 2021 frustra
610 1981 734 2021 certis
767 1981 988 2035 disponere
1025 1980 1193 2034 singula
1223 1979 1359 2020 causis
1597 1989 1680 2031 510

197 2053 468 2102 temptamus,
502 2049 537 2089 si
568 2049 691 2089 firma
722 2054 867 2089 manet
900 2049 981 2089 tibi
1018 2049 1174 2097 fabula⁸
1194 2049 1390 2097 mendax,

198 2117 422 2157 materiam
455 2123 504 2158 ut
537 2117 680 2158 credas
713 2118 841 2158 alia-m
874 2118 1005 2159 fluere
1038 2118 1148 2172 igne,
1184 2117 1355 2158 fauillae

198 2184 376 2224 flumina
407 2185 665 2239 proprietate
697 2186 824 2226 simul
860 2200 1133 2234 concrescere,
1165 2185 1256 2225 siue

199 2251 478 2292 commixtum
509 2253 625 2293 lento
661 2253 838 2307 flagrare
871 2253 1084 2294 bitumine
1120 2252 1323 2306 sulphur:

200 2333 300 2358 nam
336 2324 431 2373 post
464 2326 660 2361 exustam
690 2327 849 2361 cretam
882 2335 1051 2375 quoque
1084 2320 1233 2361 robora
1267 2319 1399 2369 fundi,
1598 2329 1675 2372 515

86 2426 229 2457 dimittit
245 2439 268 2459 ο,
279 2439 312 2459 ω.
373 2429 515 2460 collibus
533 2441 599 2461 αω.
660 2431 799 2461 callibus
817 2432 979 2470 Semi-qen
1153 2431 1216 2462 487
1240 2430 1354 2461 curuis
1371 2430 1426 2460 Ed
1435 2453 1441 2460 .
1488 2428 1592 2459 curtis
1609 2439 1632 2458 α.
1643 2440 1680 2458 ω.

85 2477 187 2508 cartis
202 2488 258 2518 γε.
303 2480 392 2509 ostat
408 2491 441 2510 α..
529 2481 592 2511 489
615 2482 728 2511 rotant
749 2482 937 2521 Wernsdorff
954 2482 1039 2520 conj.
1084 2482 1205 2512 notant
1222 2492 1244 2511 u.
1256 2493 1290 2511 ω.
1395 2480 1458 2510 490
1482 2479 1599 2518 Ipsum
1618 2480 1680 2508 Go-

85 2529 200 2558 rallus.
233 2528 313 2567 Ipsa
328 2540 395 2560 αω.
435 2530 547 2560 amnis
564 2542 597 2562 α..
631 2531 730 2562 annis
746 2544 780 2563 ω.
849 2532 910 2563 491
928 2532 1068 2562 nasibus
1084 2544 1118 2562 ω.
1180 2531 1243 2562 492
1259 2529 1427 2568 inequalis
1444 2541 1476 2560 u..
1544 2530 1606 2559 493
1623 2529 1680 2558 In-

86 2579 236 2618 geminat
250 2580 268 2617 ζ
278 2578 321 2610 ς’.
366 2580 584 2619 Ingeminant
600 2593 667 2613 αω.
757 2582 820 2612 494
836 2582 1007 2612 cernimus
1022 2583 1094 2612 Ed.
1140 2581 1298 2611 cernulus
1315 2579 1403 2620 αγδ.
1449 2579 1599 2610 cernitur
1613 2578 1678 2617 ξς.

86 2630 149 2661 495
174 2629 277 2660 simas
293 2628 323 2660 ὃ.
390 2629 478 2661 imas
495 2642 528 2661 α..
596 2642 646 2661 om
662 2643 717 2672 γε.
785 2631 881 2662 sinus
897 2630 969 2668 ζέ.
1145 2631 1208 2662 496
1231 2640 1289 2660 one
1306 2640 1341 2660 or
1358 2639 1441 2660 more
1456 2639 1518 2659 2²38.
1536 2638 1591 2659 are
1609 2630 1680 2659 lost.

87 2680 149 2710 501
173 2688 351 2718 precepsq;
375 2691 441 2721 αγ.
552 2681 613 2711 502
637 2681 767 2712 inflicta
783 2691 819 2712 or
841 2680 959 2711 inflixa.
976 2681 1136 2719 Scaliger.
1182 2680 1308 2711 inflexa
1324 2691 1347 2711 ο.
1359 2692 1393 2710 ω.
1440 2680 1592 2718 pulsatos
1608 2691 1631 2711 α,
1642 2691 1677 2712 ω.

86 2731 262 2770 pulsantes
279 2729 347 2767 ξς.
394 2731 564 2769 pulsantis
583 2733 748 2762 Gorallus.
858 2732 920 2762 505
946 2731 1121 2762 Scintillas
1138 2742 1168 2762 u..
1217 2730 1373 2761 Scintilla
1389 2743 1423 2762 ω.
1535 2731 1596 2762 507
1622 2730 1681 2770 Sy-

87 2780 218 2812 maethi
232 2782 306 2811 Ed.
353 2781 500 2812 Simethi
516 2793 551 2813 α.
598 2782 635 2813 Si
650 2783 706 2812 uel
722 2781 870 2813 fumanti
887 2783 920 2812 et
935 2781 986 2812 hii
1008 2793 1030 2823 γ
1041 2781 1071 2812 δ.
1119 2781 1155 2812 Si
1171 2781 1227 2812 uel
1243 2780 1390 2812 fumanti
1406 2793 1429 2813 ε.
1519 2782 1581 2812 508
1604 2781 1681 2812 faxo

88 2832 159 2863 Ed.
205 2830 272 2861 fixo
288 2842 353 2862 αω.
479 2832 540 2863 509
564 2831 708 2862 Vicenos
725 2831 743 2863 ὃ
757 2831 798 2863 S'.
848 2831 986 2861 Vicinos
1003 2842 1056 2872 αγ
1068 2831 1115 2869 εζ.
1164 2830 1266 2870 pedes
1282 2831 1479 2862 Dat-villius.
1525 2831 1597 2862 <lies
1613 2843 1636 2862 α.
1648 2843 1681 2862 ω.

88 2884 150 2914 512
174 2882 278 2913 fluere
294 2894 328 2914 ο..
373 2882 483 2914 fruere
499 2894 521 2924 γ
533 2882 552 2913 8
565 2894 588 2915 ε.
636 2883 748 2915 furere
763 2882 831 2921 ζς.
878 2882 1017 2913 saumae
1036 2883 1202 2912 Gorallus.
1249 2882 1369 2913 fauilla
1385 2894 1417 2913 α..
1475 2882 1629 2913 fauillam
1645 2895 1680 2913 ω.

90 2933 152 2964 513
175 2931 334 2964 Flumina
350 2944 383 2965 ο..
450 2932 601 2964 Plurima
617 2945 652 2964 ω.
784 2933 846 2964 515
870 2932 989 2964 robora
1012 2944 1047 2963 ω.
1093 2931 1208 2963 robore
1225 2931 1300 2964 ας.
1368 2932 1466 2963 fundi
1486 2933 1682 2972 Wernsclmf.

1458 2997 1566 3035 2—‘2
