1997 3272
1034 227 1081 264 14

360 321 459 361 huic
491 320 623 374 igitur
655 318 817 360 credis?
858 324 1021 361 torrens
1055 328 1104 361 ut
1137 322 1312 376 spiritus
1347 322 1418 363 ille

360 388 433 443 qui
465 402 590 442 rupes
622 392 864 442 terramque
896 394 1022 439 rotat,
1056 390 1129 444 qui
1162 390 1363 432 fulminat
1394 392 1524 446 ignes,

358 470 455 496 cum
487 456 600 496 rexit
632 455 743 496 uires
777 462 819 496 et
852 471 1052 511 praeceps
1085 457 1205 498 flexit
1240 459 1426 499 habenas
1760 471 1836 511 345

358 524 616 578 praesertim,
650 524 742 578 ipsa
773 539 848 565 suo
881 525 1063 566 decliuia
1094 526 1282 580 pondere
1315 542 1553 582 numquam

358 606 530 646 corpora
560 592 741 647 deripiat
776 593 1004 647 ualidoque
1037 595 1267 636 absoluerit
1300 600 1424 637 arcu!

356 659 467 713 quod
501 660 535 700 si
568 660 698 708 fallor,
733 660 851 700 adest
885 661 1066 714 species3
1109 667 1341 716 tantusque
1375 663 1563 704 ruinaest

357 727 553 781 impetus,
588 728 783 768 adtentos
818 729 1034 769 oculorum
1067 730 1297 784 transfugit
1330 731 1439 771 ictus

356 794 459 834 haec
493 794 669 844 leuitas3
706 800 848 835 tantos
880 795 1011 849 igitur
1043 795 1142 836 ferit
1174 811 1278 837 aura
1310 803 1541 852 monetque
1759 810 1779 850 3
1789 808 1841 849 50

356 945 498 985 sparsa
530 931 691 985 liquore
725 946 876 971 manus
910 946 1046 972 sacros
1077 933 1152 973 ubi
1184 933 1368 974 uentilat
1402 934 1523 988 ignis,

354 1000 550 1041 uerberat
584 1015 656 1040 ora
688 1006 860 1051 tame113
898 1001 1152 1056 pulsataque
1185 1016 1358 1056 corpora
1391 1003 1544 1043 nostris

352 1068 594 1109 incursant:
632 1069 736 1109 adeo
770 1068 815 1108 in
850 1069 1021 1118 tenuist,
1056 1069 1146 1109 uim
1182 1084 1306 1110 causa
1338 1070 1530 1124 repellit:

353 1150 437 1175 non
471 1136 655 1176 cinerem
690 1135 949 1189 stipulamue
981 1137 1130 1185 leuem,
1165 1151 1250 1176 non
1283 1137 1400 1177 arida
1433 1137 1572 1178 sorbet

349 1203 562 1257 gramina3
597 1218 682 1244 non
715 1204 856 1243 tenuis
888 1204 1046 1258 plantis
1077 1205 1243 1244 humus-
1266 1205 1405 1246 excita
1437 1205 1614 1259 praedas
1754 1214 1830 1257 355

350 1341 483 1394 surgit
515 1340 699 1381 adoratis
735 1341 929 1381 sublimis
961 1342 1104 1382 fumus
1139 1342 1192 1382 ab
1227 1342 1335 1382 aris:

349 1414 471 1449 tanta
502 1409 621 1463 quies
653 1408 713 1449 illi
746 1414 809 1450 est
842 1414 885 1450 et
914 1424 998 1463 pax
1030 1409 1206 1449 innoxia
1237 1409 1363 1463 rapti.

462 1477 551 1517 siue
583 1477 818 1531 peregrinis
849 1477 981 1531 igitur
1011 1477 1247 1531 propriisue
1278 1477 1468 1531 potentis

348 1544 570 1585 coniurant
602 1545 769 1586 animae
806 1546 953 1593 causis,
990 1545 1059 1586 ille
1093 1546 1279 1600 impetus
1312 1545 1432 1600 ignes

347 1620 390 1655 et
422 1615 579 1656 montis
614 1621 756 1670 partes
790 1621 883 1656 atra
918 1616 1144 1657 subuectat
1177 1617 1363 1668 harena;
1752 1617 1834 1667 360

345 1687 552 1736 uastaque
584 1697 787 1723 concursu
821 1683 1084 1737 trepidantia
1122 1699 1224 1724 saxa
1259 1684 1434 1739 fragoris

343 1749 613 1804 ardentisque
646 1751 773 1791 simul
806 1751 998 1792 flammas
1032 1767 1079 1793 ac
1113 1753 1293 1793 fulmina
1324 1758 1558 1807 rumpunt3

343 1817 456 1857 haud
488 1818 612 1858 aliter
642 1833 771 1872 quam
802 1834 899 1859 cum
930 1835 1061 1873 prono
1092 1821 1258 1861 iacuere
1290 1821 1369 1861 sub
1399 1826 1542 1860 austro

343 1889 417 1923 aut
449 1884 646 1938 aquilone
677 1886 865 1926 fremunt
896 1886 1040 1935 siluae,
1073 1887 1176 1927 (lant
1208 1887 1382 1928 brachia
1413 1887 1522 1927 nodo

343 1952 598 2006 implicitae:
629 1954 707 1994 hac
739 1960 915 2008 serpunt
946 1955 1102 1996 iunctis
1133 1956 1329 1996 incendia
1360 1956 1496 1996 ramis
1749 1956 1825 2007 363

343 2033 419 2060 nec
449 2026 492 2060 te
523 2020 737 2075 decipiant
771 2022 913 2063 stolidi
946 2023 1167 2064 mendacia
1200 2024 1330 2077 uulgi,

342 2088 568 2129 exhaustos
601 2104 760 2130 cessare
795 2090 923 2140 sinus,
958 2091 1057 2132 dare
1091 2097 1295 2145 tempora,
1332 2105 1476 2131 rursus

341 2162 389 2197 ut
422 2157 591 2211 rapiant
624 2158 734 2199 uires
766 2165 1047 2214 repetantque
1082 2161 1123 2200 in
1159 2161 1318 2215 proelia
1350 2160 1466 2201 uicti.

340 2225 449 2279 pelle
480 2226 598 2266 nefas
630 2227 761 2267 animi
796 2227 1131 2282 mendacemque
1167 2244 1273 2269 exue
1306 2229 1491 2268 famam:

340 2307 424 2333 non
458 2299 522 2334 est
556 2294 714 2335 diuinis
747 2300 836 2335 tam
870 2296 1039 2336 sordida
1074 2297 1201 2337 rebus
1234 2302 1398 2351 egestas
1744 2304 1827 2346 370

223 2431 285 2462 343
309 2430 423 2463 Huinc
440 2444 473 2464 α.
519 2432 576 2464 ille
594 2435 753 2473 Scaliyer.
800 2434 851 2465 illi
868 2447 890 2466 α.
902 2447 937 2466 ω.
1070 2434 1132 2465 344
1156 2436 1245 2466 rotat
1266 2435 1380 2465 Jacob.
1426 2435 1523 2465 notat
1550 2445 1618 2464 αω.
1664 2433 1761 2462 uorat
1779 2430 1822 2462 ς’.

223 2483 284 2513 345
303 2474 490 2514 Cuui'rexit
501 2495 533 2515 α.
573 2484 641 2515 Cur
658 2485 725 2515 exit
742 2498 776 2516 ω.
824 2495 963 2525 preceps
976 2497 1009 2517 α.
1098 2486 1161 2518 347
1179 2485 1323 2524 deripiat
1334 2486 1500 2516 Gru-allus.
1539 2483 1702 2523 diripiant
1716 2482 1821 2524 wyS’.

222 2532 359 2572 diripiat
377 2533 395 2564 δ
407 2533 449 2565 5‘.
496 2534 678 2566 absoluerit
696 2537 855 2575 Scaligsvr.
903 2537 1093 2567 absolueret
1110 2548 1177 2567 αω.
1267 2537 1329 2567 348
1353 2535 1382 2566 si
1399 2547 1421 2567 σ.
1434 2535 1463 2566 ὃ.
1510 2535 1547 2565 ni
1563 2546 1584 2576 γ
1596 2546 1620 2566 ε.
1666 2533 1733 2564 nisi
1749 2532 1821 2571 ξς.

221 2584 372 2615 ruinaest
388 2585 460 2615 Ed.
506 2585 616 2616 ruinis
633 2598 699 2618 αω.
831 2588 894 2618 350
918 2588 1011 2618 Haec
1028 2588 1183 2625 Scalisler.
1234 2587 1304 2618 Nec
1328 2599 1350 2618 α.
1363 2599 1397 2618 ω.
1447 2588 1513 2617 One
1530 2596 1566 2617 or
1582 2596 1666 2617 mora
1687 2596 1748 2616 τες.
1766 2595 1822 2615 are

222 2637 295 2666 lost.
406 2637 468 2667 352
492 2632 563 2668 1'sris
580 2649 613 2669 α..
659 2640 775 2670 nostra
792 2651 827 2669 ω.
937 2640 999 2669 353
1024 2638 1061 2668 in
1077 2638 1207 2669 tenuist
1223 2640 1295 2669 Ed.
1341 2638 1377 2668 in
1394 2638 1489 2669 tenui
1506 2650 1573 2669 αω.
1618 2636 1731 2668 tenuis
1747 2636 1820 2675 sss‘.

222 2687 283 2716 355
307 2686 433 2716 humus
451 2687 557 2718 excita
574 2688 693 2727 predas
711 2701 743 2720 α.
811 2689 879 2719 exit
895 2688 1021 2719 hiunus
1039 2689 1180 2728 apredas
1197 2688 1227 2720 8.
1297 2689 1363 2721 exit
1379 2689 1503 2719 humor
1519 2687 1651 2728 apridas
1668 2699 1691 2719 ε.
1752 2687 1821 2718 exit

220 2735 344 2767 humor
360 2732 488 2776 apffdas
504 2750 536 2779 γ.
596 2739 720 2770 humor
736 2740 804 2771 exit
821 2740 949 2771 eisdem
965 2739 1036 2778 25.
1095 2742 1121 2770 A
1145 2751 1172 2771 ι’.
1192 2742 1218 2771 is
1237 2742 1308 2771 lost.
1441 2742 1504 2772 356
1528 2739 1676 2771 adoratis
1699 2751 1723 2771 α
1734 2751 1756 2781 γ
1770 2740 1818 2778 εζ.

219 2786 381 2818 odoratus
397 2787 426 2818 8.
487 2789 633 2820 odoratis
652 2790 812 2829 Scaligler.
944 2792 1008 2821 358
1031 2800 1073 2821 ue
1091 2792 1250 2829 Scaliffer.
1307 2800 1370 2830 que
1387 2803 1409 2822 α.
1421 2803 1456 2822 ω.
1589 2791 1651 2822 359
1674 2790 1768 2829 ignes
1785 2802 1818 2822 α..

220 2835 307 2876 ignis
323 2849 358 2868 ω.
447 2839 508 2868 362
532 2839 677 2871 fulmina
693 2852 762 2872 αω.
809 2841 952 2872 flumina
971 2842 1093 2872 Vlitizcs
1112 2846 1142 2873 to
1161 2842 1255 2872 Grat.
1274 2852 1382 2882 egsnea.
1401 2842 1475 2873 445.
1587 2842 1648 2873 365
1672 2841 1735 2872 hac
1755 2842 1816 2872 Go-

219 2906 335 2936 rallus.
380 2904 464 2936 haec
480 2917 513 2937 α.
558 2905 619 2937 hcc
635 2918 657 2948 γ
669 2907 687 2938 ὃ
701 2919 724 2939 ε.
769 2907 812 2939 he
827 2909 853 2947 ζ.
899 2908 964 2940 hae
982 2908 1024 2940 ς’.
1157 2910 1219 2941 367
1243 2891 1415 2940 Exhaustos
1431 2921 1464 2940 α.
1597 2908 1659 2939 368
1683 2908 1728 2939 Vt
1744 2907 1814 2939 ὃς.
