1997 3272
915 192 962 234 17

255 303 369 330 nunc
403 289 616 339 extincta;
647 302 774 342 super
804 288 1010 341 testisque
1041 288 1252 342 Neapolin
1284 288 1396 328 inter
1645 295 1730 335 430

252 362 296 397 et
332 355 487 397 Cumas
523 355 637 395 locus
673 360 717 395 et
752 354 901 394 multis
938 354 1025 393 iam
1062 354 1240 407 frigidus
1276 355 1422 403 annis3

254 422 448 476 quamuis
479 427 701 462 aeternum
730 420 981 474 pinguescat
1016 425 1066 460 ut
1098 421 1227 461 ubere
1265 421 1466 474 sulphur:

253 488 298 528 in
330 502 514 528 mercem
545 487 712 541 legitur,
750 491 871 527 tanto
909 492 973 527 est
1006 486 1227 527 fecundius
1259 487 1414 527 Aetna.

252 555 399 604 insula,
436 555 504 595 cui
536 569 693 594 nomen
725 553 852 594 facies
889 553 1008 594 dedit
1039 554 1132 608 ipsa
1166 553 1378 601 Rotunda,

251 623 451 676 sulphure
486 636 572 662 non
607 621 743 662 solum
778 635 856 661 nec
889 621 1015 661 obesa
1044 621 1256 662 bitumine
1286 626 1399 661 terra
1431 624 1516 669 est3
1645 625 1724 668 435

252 696 294 731 et
328 690 436 745 lapis
469 690 636 731 adiutat
668 690 921 744 generandis
954 690 1126 744 ignibus
1161 695 1311 744 aptus3

252 758 325 799 sed
358 773 450 799 raro
481 758 630 807 fumat,
664 757 739 812 qui
773 758 858 806 uix,
893 757 927 798 si
962 757 1218 806 accenditur,
1255 757 1385 804 ardet,

251 825 296 866 in
327 825 456 867 breue
487 824 686 865 mortales
716 824 910 865 flammas
940 824 1052 879 quod
1085 824 1204 879 copia
1233 823 1384 865 nutrit.

251 893 389 934 insula
419 893 545 934 durat
576 893 725 942 adhuc,
759 893 941 933 Vulcani
972 892 1144 933 nomine
1180 907 1307 939 sacra,

249 976 346 1015 pars
375 966 521 1002 tamen
552 961 746 1002 incendi:
779 961 913 1003 maior
942 961 1106 1002 refrixit
1139 966 1182 1002 et
1213 961 1299 1001 alto
1645 970 1730 1008 440

250 1029 426 1070 iactatas
458 1029 609 1084 recipit
640 1029 791 1070 classes
822 1034 1034 1083 portuque
1067 1034 1225 1070 tuetur.

250 1112 358 1151 quae
389 1103 521 1138 restat
552 1097 690 1137 minor
722 1102 765 1138 et
797 1097 916 1138 diues
949 1096 1059 1143 satis
1081 1097 1213 1138 ubere
1243 1101 1357 1137 terra
1387 1100 1461 1143 est,

248 1166 321 1207 sed
351 1181 437 1207 non
466 1167 670 1208 Aetnaeis
703 1167 813 1207 uires
846 1182 955 1221 quae
986 1166 1177 1207 conferat
1207 1166 1299 1207 illis.

250 1240 378 1289 atque
405 1235 512 1276 haec
542 1236 634 1289 ipsa
663 1241 810 1276 tamen
846 1235 931 1276 iam
963 1235 1179 1289 quondam
1210 1234 1400 1276 extincta
1429 1232 1589 1279 fuisset,

250 1302 296 1342 ni
326 1302 474 1343 furtim
507 1303 727 1357 adgereret
759 1303 891 1344 Siculi
921 1303 1079 1344 uicinia
1108 1303 1266 1343 montis
1644 1306 1724 1348 445

248 1371 470 1411 materiam
502 1371 739 1425 siluamque
771 1386 900 1421 suam,
930 1385 1127 1426 pressoue
1160 1370 1295 1411 canali

250 1439 333 1479 huc
363 1439 462 1479 illuc
494 1445 638 1493 ageret
663 1444 814 1480 uentos
845 1445 887 1479 et
916 1444 1108 1493 pasceret
1136 1438 1269 1492 ignes.

365 1509 439 1550 sed
470 1510 622 1550 melius
652 1524 718 1550 res
746 1509 839 1563 ipsa
867 1509 978 1549 notis
1011 1512 1283 1562 spectataque
1314 1505 1425 1546 ueris

250 1579 429 1619 occurrit
460 1578 589 1632 signis
620 1592 697 1619 nec
727 1582 913 1631 temptat
944 1577 1089 1617 fallere
1120 1580 1285 1616 testem.

249 1661 349 1686 nam
384 1646 493 1687 circa
523 1646 657 1686 latera
688 1652 817 1699 atque
849 1644 946 1685 imis
977 1643 1186 1684 radicibus
1217 1642 1384 1682 Aetnae
1644 1646 1730 1687 450

248 1714 476 1755 candentes
508 1715 654 1757 efflant
685 1714 846 1768 lapides
877 1713 1137 1766 disiectaque
1173 1725 1275 1751 saxa

249 1782 467 1823 intereunt
498 1782 631 1832 uenis,
666 1781 892 1822 manifesto
924 1785 973 1820 ut
1005 1779 1174 1820 credere
1203 1776 1336 1832 possis

248 1850 405 1904 pabula
435 1856 479 1891 et
509 1850 685 1891 ardendi
716 1864 886 1890 causam
919 1848 1104 1902 lapidem
1136 1861 1224 1887 esse
1257 1845 1470 1890 molarem,

248 1917 366 1957 cuius
397 1917 585 1958 defectus
618 1917 781 1957 ieiunos
810 1915 978 1957 conficit
1012 1914 1136 1969 ignis.

249 1985 318 2026 ille
350 1985 423 2025 ubi
455 1984 623 2039 collegit
654 1984 858 2033 flammas,
891 1983 1003 2030 iacit,
1035 1988 1078 2023 et
1110 1980 1236 2021 simul
1267 1979 1353 2020 ictu
1644 1983 1724 2025 455

247 2053 468 2094 materiam
500 2053 692 2094 accendit
722 2052 919 2107 cogitque
951 2051 1183 2106 liquescere
1212 2063 1367 2089 secum.

246 2122 361 2163 haud
390 2122 589 2177 equidem
622 2122 779 2162 mirum
814 2121 932 2169 facie,
971 2134 1056 2174 qua
1086 2118 1297 2159 cernimus
1326 2121 1456 2162 extra,

132 2253 204 2293 guit
219 2255 334 2286 Jacob.
381 2257 414 2286 et
430 2255 560 2293 languit
577 2267 599 2287 α.
612 2268 647 2286 ω.
756 2255 818 2286 429
843 2263 965 2286 enarea
981 2265 1004 2285 α
1015 2264 1047 2294 γ.
1157 2252 1220 2281 430
1244 2250 1407 2289 testisque
1424 2260 1455 2281 α..
1504 2246 1668 2284 tectisque
1693 2256 1728 2276 ω.

131 2305 194 2336 431
217 2306 310 2337 locus
327 2307 359 2337 et
376 2318 409 2338 α..
455 2307 548 2337 locus
565 2315 603 2337 ac
619 2306 646 2344 ζ.
691 2305 785 2336 locus
802 2305 862 2336 sed
879 2304 909 2335 8.
954 2305 1047 2335 locus
1064 2314 1120 2344 γε.
1181 2302 1274 2332 locus
1291 2303 1342 2332 est
1357 2301 1475 2332 Aldus.
1605 2297 1667 2327 432
1691 2298 1730 2326 ut

131 2356 232 2387 ubere
248 2357 320 2387 Ed.
367 2358 400 2387 et
416 2357 517 2388 ubere
534 2368 557 2388 o.
569 2356 599 2387 δ.
646 2365 686 2386 ex
702 2356 802 2386 ubere
819 2367 873 2397 γε.
921 2355 962 2386 ab
978 2354 1078 2385 ubere
1094 2352 1164 2391 ζς.
1253 2352 1315 2382 433
1339 2350 1464 2382 aethna
1480 2361 1513 2381 α..
1601 2347 1664 2377 434
1680 2357 1730 2377 ro·

131 2407 258 2438 tundae
275 2409 435 2446 Scaliger.
610 2406 672 2437 435
696 2405 864 2436 bitumine
881 2417 912 2436 α.
971 2398 1088 2436 atunTe
1105 2404 1135 2435 8.
1182 2403 1337 2434 acumine
1352 2414 1374 2444 γ
1385 2413 1409 2433 ε.
1468 2399 1642 2431 cacumine
1657 2399 1673 2436 ζ
1686 2397 1728 2429 5.

131 2459 194 2490 436
217 2459 322 2504 lapsis
348 2471 381 2491 o..
484 2457 686 2498 generandis
713 2469 745 2489 α..
846 2456 1000 2496 gerendis
1026 2457 1084 2498 γζ.
1173 2454 1338 2500 gerenidis
1352 2453 1382 2484 ὃ.
1477 2449 1667 2490 regerendis
1685 2447 1728 2479 5.

131 2516 194 2547 437
218 2516 275 2555 qui
291 2528 357 2548 αω.
417 2515 500 2554 quin
517 2515 559 2547 5.
669 2515 732 2546 439
756 2514 855 2545 durat
872 2513 982 2544 adhuc
999 2513 1159 2551 Scaliqer.
1220 2510 1341 2541 durata
1357 2520 1424 2540 αω.
1534 2506 1597 2535 440
1620 2504 1728 2534 maior

130 2566 262 2597 refrixit
284 2578 329 2608 γε
343 2565 385 2598 5.
430 2566 558 2597 maiore
581 2565 675 2595 frixit
691 2576 724 2595 α..
827 2564 889 2593 441
914 2563 1045 2593 lactata
1062 2573 1095 2593 α.
1184 2561 1247 2590 443
1270 2558 1429 2589 Aetnaeis
1451 2556 1494 2587 5.
1540 2554 1677 2586 aethnei
1693 2565 1726 2585 α,

131 2616 248 2647 ethnei
262 2628 294 2657 γ.
340 2616 431 2647 etnei
453 2615 495 2646 ὃε
506 2616 532 2653 ζ.
592 2615 661 2645 illis
679 2613 721 2645 5.
766 2613 818 2644 1111
834 2625 857 2644 α.
869 2625 904 2643 ω.
1035 2612 1098 2642 445
1122 2611 1252 2641 furtum
1269 2620 1302 2640 α.
1349 2607 1520 2646 adgereret
1538 2604 1582 2637 5.
1628 2605 1725 2643 adge-

131 2668 227 2697 neret
242 2678 265 2698 o.
276 2679 312 2697 ω.
359 2666 464 2697 Siculi
480 2665 607 2696 uicinia
623 2664 751 2695 montis
768 2675 801 2694 α.
846 2673 895 2693 om
911 2674 944 2693 ω.
991 2661 1127 2693 secretis
1143 2659 1285 2691 callibus
1300 2658 1424 2688 humor
1440 2656 1484 2688 5.
1571 2656 1634 2688 447
1651 2666 1728 2695 agor

132 2718 287 2748 etuentos
304 2729 336 2748 α.
382 2718 533 2756 pasceret
545 2716 662 2746 Aldus.
708 2714 859 2753 posceret
875 2725 898 2744 α.
909 2724 944 2743 ω.
1034 2712 1096 2741 448
1120 2709 1210 2740 notis
1227 2721 1259 2740 α..
1304 2710 1401 2739 nocte
1417 2720 1452 2738 ω.
1496 2708 1577 2738 nota
1593 2709 1644 2738 est
1659 2706 1725 2744 35.

131 2761 310 2815 specta‘ilue
337 2787 370 2807 α.
451 2774 541 2805 ueris
569 2785 582 2805 ε
593 2773 636 2805 5.
702 2772 816 2804 uentis
841 2783 874 2803 α..
941 2770 1040 2801 uenis
1066 2781 1088 2811 γ
1099 2769 1155 2807 St„
1358 2766 1420 2799 449
1448 2768 1570 2797 testem
1596 2767 1725 2805 Haupf.

130 2828 261 2866 pestem
277 2838 300 2858 α,
312 2838 347 2857 ω.
477 2825 540 2855 450
564 2823 708 2855 aethnae
725 2835 757 2855 α.
889 2821 952 2852 454
975 2821 1106 2852 ieiunos
1122 2831 1178 2861 γε.
1266 2817 1401 2849 ieiunus
1418 2829 1450 2849 α..
1539 2816 1677 2848 ieiuniis
1694 2817 1727 2853 δ,

129 2877 265 2910 conficit
281 2879 352 2908 Ecl.
398 2875 523 2916 colligit
539 2887 562 2907 ο.
573 2887 608 2906 ω.
696 2874 758 2905 455
775 2872 855 2904 iacit
868 2874 973 2904 Aldus
991 2871 1084 2902 1534.
1130 2870 1217 2901 iacet
1233 2881 1256 2901 ο,
1268 2881 1302 2900 ω.
1385 2868 1448 2900 457
1465 2867 1550 2899 facie
1567 2876 1633 2906 qua
1650 2868 1704 2897 Ed
1718 2890 1724 2896 .

1587 2920 1610 2944 σ)

1587 2945 1610 2957 1-13
