1997 3272
1020 157 1068 195 18

358 282 393 323 si
424 281 593 331 lenitur,
629 295 733 336 opus
767 285 923 322 restat:
954 280 1090 334 magis
1120 278 1259 320 uritur
1292 279 1379 321 illic

358 350 641 404 sollicitatque
674 350 809 404 magis
840 349 982 390 uicina
1014 348 1210 389 incendia
1242 363 1390 388 saxum

357 424 555 473 certaque
586 424 793 459 uenturae
824 417 1064 473 praemittit
1094 417 1271 471 pignora
1302 417 1508 459 flammae.
1756 420 1843 470 460

354 501 455 527 nam
485 486 612 527 simul
643 491 772 540 atque
803 491 949 526 mouet
980 485 1083 524 uiris
1114 485 1371 538 turbamque
1403 485 1592 526 minat-us

356 623 527 677 diffugit
557 623 855 677 extemploque
887 622 1023 662 solum
1054 622 1187 662 trahit
1218 621 1386 676 ictaque
1418 621 1614 674 †ramis†

356 698 399 733 et
430 707 560 746 graue
594 692 673 731 sub
707 696 820 731 terra
850 705 1044 730 murmur
1074 690 1336 730 demonstrat
1367 695 1410 730 et
1440 690 1569 743 ignes.

353 766 447 801 tum
478 759 685 814 pauidum
716 759 859 813 fugere
891 765 934 800 et
967 758 1092 798 sacris
1124 758 1351 798 concedere
1382 758 1509 798 rebus

351 844 428 884 par
461 829 565 869 erit:
595 843 617 869 e
649 834 744 869 tuto
776 826 1059 882 speculaberis
1091 826 1235 866 omnia
1265 825 1374 866 colli.
1753 827 1834 879 465

352 912 452 938 nam
484 897 624 937 subito
655 896 864 937 efferuent
896 895 1100 935 honerosa
1131 894 1326 934 incendia
1356 894 1511 948 raptis:

351 980 549 1006 accensae
581 965 766 1005 subeunt
797 964 928 1004 moles
960 970 1221 1017 truncaeque
1253 963 1400 1004 ruinae

349 1033 609 1088 prouoluunt
641 1038 770 1087 atque
801 1038 894 1073 atra
925 1038 1077 1073 sonant
1109 1032 1303 1072 examina
1336 1032 1530 1073 harenae.

350 1101 465 1141 illinc
496 1102 682 1141 incertae
713 1100 839 1140 facies
870 1100 1178 1154 hominumque
1209 1100 1395 1154 figurae:

349 1183 445 1223 pars
475 1169 667 1223 lapidum
697 1168 913 1216 domitast,
947 1168 1100 1208 stantis
1132 1182 1228 1222 pars
1259 1168 1407 1208 robore
1438 1182 1618 1221 pugnae,
1750 1178 1836 1220 470

345 1252 424 1278 nec
455 1237 606 1291 recipit
636 1237 830 1277 flammas
861 1236 941 1283 hic,
974 1236 1043 1276 hic
1071 1236 1258 1276 defessus
1289 1236 1488 1287 anhelat3

346 1310 480 1359 utque
511 1304 649 1358 aperit
680 1318 722 1344 se
755 1303 899 1352 hostis,
932 1302 1136 1343 decrescit
1168 1303 1344 1357 spiritus
1376 1303 1488 1343 illic:

346 1372 462 1413 haud
494 1372 617 1412 aliter
648 1386 777 1426 quam
809 1386 904 1412 cum
937 1371 1049 1412 laeto
1081 1371 1252 1412 deuicta
1282 1377 1455 1426 tropaeo

346 1455 479 1495 prona
508 1440 617 1482 iacet
649 1441 809 1495 campis
841 1440 950 1481 acies
982 1446 1025 1481 et
1056 1445 1192 1481 castra
1223 1440 1301 1481 sub
1333 1440 1432 1494 ipsa.

345 1514 440 1549 tum
470 1509 505 1549 si
536 1509 630 1563 quis
660 1509 852 1563 lapidum
883 1523 1049 1549 summo
1080 1508 1297 1562 pertabuit
1330 1507 1429 1562 igni,
1749 1517 1829 1561 475

344 1577 528 1631 asperior
558 1577 730 1631 specieS‚
764 1582 807 1617 et
839 1576 1051 1631 quaedam
1083 1576 1250 1617 sordida
1281 1576 1377 1617 faex
1409 1581 1474 1618 est

345 1644 515 1699 qualem
546 1650 727 1699 purgato
759 1659 908 1685 cernas
940 1644 1131 1685 desidere
1163 1644 1283 1686 ferro.

343 1728 495 1754 uerum
525 1714 600 1754 ubi
630 1714 840 1769 paulatim
872 1714 1024 1755 exiluit
1055 1714 1222 1755 sublata
1252 1713 1419 1755 caducis

344 1782 558 1837 congeries
589 1783 710 1832 saxis,
743 1789 925 1838 angusto
957 1783 1120 1824 uertice
1152 1788 1343 1838 surgunt.

344 1851 402 1892 sic
432 1852 553 1892 uelut
584 1852 627 1892 in
660 1852 825 1893 fornace
856 1852 963 1906 lapis
994 1857 1179 1893 torretur
1210 1857 1252 1893 et
1285 1852 1422 1893 omnis
1746 1852 1832 1902 480

342 1921 516 1957 exustus
547 1917 719 1971 penitus
750 1917 871 1957 uenis
903 1917 1018 1957 subit
1049 1916 1178 1957 altius
1208 1916 1386 1957 humor:

342 1985 505 2025 amissis
541 1985 692 2039 opibus
726 1986 833 2026 leuis
868 1991 911 2026 et
944 1985 1035 2026 sine
1069 1985 1255 2040 pondere
1286 2000 1445 2040 pumex

340 2053 577 2094 excutitur:
608 2054 746 2108 liquor
776 2054 846 2095 ille
878 2054 1014 2108 magis
1048 2055 1211 2095 feruere
1244 2055 1464 2109 magisque

339 2120 528 2162 fluminis
561 2122 605 2162 in
638 2122 823 2177 speciem
856 2122 974 2163 mitis
1008 2123 1234 2177 procedere
1267 2123 1444 2164 tandem

338 2189 488 2244 incipit
522 2196 564 2231 et
598 2191 740 2246 pronis
774 2191 966 2233 demittit
1000 2192 1176 2233 collibus
1213 2192 1362 2233 undas.
1740 2195 1820 2246 485

337 2256 435 2298 illae
468 2259 679 2312 paulatim
712 2260 777 2301 bis
809 2275 911 2301 sena
943 2260 989 2300 in
1022 2261 1142 2302 milia
1175 2267 1386 2316 pergunt;

226 2394 311 2427 facie
329 2405 392 2436 que
409 2408 442 2428 α..
532 2397 666 2437 fatoque
683 2398 713 2429 8.
803 2400 893 2430 scate
910 2397 954 2438 qd
969 2411 1002 2441 γ.
1091 2400 1182 2431 factu
1204 2401 1292 2440 quod
1318 2400 1388 2439 ξς.
1563 2401 1626 2432 458
1649 2401 1773 2432 uiritur
1788 2414 1822 2434 u..

219 2447 281 2478 461
305 2448 390 2479 uiris
406 2460 438 2480 u..
529 2449 618 2480 curis
634 2462 669 2481 ω.
759 2451 910 2481 minatus
928 2463 960 2482 α..
1051 2451 1205 2482 minutus
1222 2465 1256 2483 ω.
1349 2454 1417 2482 One
1438 2462 1474 2482 ον
1496 2462 1578 2482 more
1596 2463 1655 2482 sss.
1674 2463 1730 2483 are
1748 2455 1821 2484 lost.

217 2499 281 2529 462
305 2500 524 2539 exemploque
541 2512 574 2531 α.
706 2501 769 2532 463
794 2513 841 2532 om
860 2501 890 2533 8.
1022 2502 1085 2533 465
1109 2503 1173 2533 Par
1198 2503 1278 2534 erit:
1305 2513 1322 2533 e
1341 2504 1502 2541 Scalisser.
1548 2503 1669 2534 Parere
1693 2505 1726 2534 et
1750 2516 1819 2535 αω.

218 2549 294 2580 00111
310 2549 378 2587 ξς.
472 2550 566 2581 collis
583 2562 606 2582 α,
618 2562 654 2582 ω.
786 2553 848 2583 469
865 2552 929 2583 470
953 2563 1000 2583 om
1019 2554 1065 2583 all
1088 2554 1144 2583 bu!
1160 2565 1191 2584 α..
1328 2554 1390 2586 470
1414 2553 1586 2589 domitast,
1606 2554 1730 2584 stantis
1748 2556 1820 2586 Ed.

217 2601 346 2631 domita
363 2601 467 2632 stanti
485 2613 518 2633 α..
564 2602 682 2632 robore
698 2603 754 2632 Ed
764 2626 771 2633 .
817 2603 935 2633 robora
952 2615 985 2634 α.
1096 2604 1158 2636 471
1183 2603 1303 2643 recipit
1320 2616 1354 2635 ω.
1401 2604 1488 2643 repit
1505 2616 1537 2636 α..
1584 2604 1649 2642 1110,
1668 2604 1723 2635 1110
1746 2607 1802 2637 Ed
1811 2628 1820 2637 .

216 2651 296 2682 hinc
313 2664 378 2683 αω.
428 2662 490 2683 nec
506 2651 587 2683 hinc
603 2664 635 2694 γ.
681 2663 779 2683 mons
796 2653 876 2684 111110
892 2653 962 2692 ξς.
1031 2653 1182 2685 defessus
1199 2667 1234 2685 ω.
1281 2655 1440 2685 defensus
1457 2667 1490 2687 α.
1622 2656 1685 2688 472
1710 2657 1819 2697 thue

218 2703 384 2733 Gorallzts.
432 2703 541 2742 Atque
569 2715 636 2734 αω.
770 2705 832 2736 473
857 2704 1019 2743 trophaeo
1047 2716 1080 2736 α..
1213 2706 1276 2737 476
1301 2706 1429 2745 species
1456 2707 1522 2736 Ed.
1569 2706 1716 2746 sopitaes
1741 2707 1817 2739 ας.

215 2753 325 2791 sopita
343 2754 393 2783 est
409 2753 460 2794 γδ
472 2765 495 2784 ε.
542 2753 617 2784 faex
633 2766 666 2785 α.
714 2755 769 2785 fax
786 2767 821 2786 ω.
867 2755 917 2785 fas
941 2767 996 2797 γε.
1129 2756 1191 2788 477
1215 2766 1333 2787 cernas
1347 2758 1416 2788 Ed.
1463 2767 1578 2787 cernes
1596 2769 1660 2788 αω.
1708 2759 1818 2789 cernis

215 2805 368 2834 editions.
458 2803 608 2835 desidere
634 2803 693 2836 αδ.
785 2806 919 2838 descide
935 2818 967 2848 γ.
1058 2806 1228 2837 discedere
1255 2807 1323 2845 ζέ.
1502 2808 1565 2838 480
1589 2809 1697 2839 ueluti
1724 2810 1816 2851 αγζ.

213 2855 276 2886 483
300 2854 428 2885 feruere
446 2866 468 2885 α.
484 2856 644 2894 Scaliyer,
707 2867 841 2888 seruare
857 2870 892 2888 ω.
1067 2858 1130 2888 485
1154 2858 1270 2897 pronis
1287 2860 1359 2890 Ed.
1419 2860 1539 2899 prunis
1557 2871 1589 2892 α.
1644 2860 1763 2899 primis
1779 2874 1815 2893 ω.
