1997 3272
1029 184 1076 223 16

357 303 459 330 uera
489 294 704 344 tenaxque
737 289 838 331 data
871 295 960 341 est3
992 290 1065 331 sed
1098 291 1285 332 maxima
1317 305 1442 332 causa
1474 293 1642 333 molaris

357 355 472 397 illius
506 356 675 399 incendi
707 357 815 413 lapis
849 364 937 410 est3
975 358 1009 398 is
1042 358 1233 400 uindicat
1267 359 1465 400 Aetnam.
1753 373 1838 412 400

357 438 484 478 quem
516 425 552 465 si
584 425 691 466 forte
724 441 856 467 manu
888 431 1036 468 teneas
1071 442 1118 468 ac
1150 427 1298 468 robora
1329 442 1484 476 cernas,
1885 421 1888 423 ⁵

353 507 431 533 nec
462 493 625 535 feruere
656 500 791 548 putes,
826 496 969 549 ignem
1000 510 1076 536 nec
1111 511 1306 551 spargere
1340 512 1472 552 posse.

352 560 425 600 sed
457 561 583 601 simul
615 576 662 602 ac
693 562 800 603 ferro
833 578 1021 617 quaeras,
1058 565 1294 619 respondet,
1332 572 1375 606 et
1417 566 1506 607 ictu

352 630 552 671 scintillat
589 632 723 673 calor:
758 633 872 674 hunc
904 635 1052 675 multis
1086 636 1243 676 circum
1279 636 1389 677 inice
1422 637 1605 677 flammis

349 704 392 739 et
425 705 569 753 patere
603 706 855 755 extorquere
889 703 1052 743 animos
1088 709 1218 757 atque
1252 719 1359 745 exue
1393 705 1534 745 robur.
1747 713 1828 756 405

349 766 552 808 fundetur
582 769 690 809 ferro
727 770 878 821 citius3
914 785 1013 811 nam
1050 771 1219 811 mobilis
1254 771 1315 811 1111

349 841 392 875 et
425 842 620 876 metuens
660 843 813 878 natura
845 838 945 878 mali
980 846 1043 879 est
1078 839 1151 879 ubi
1185 841 1350 894 cogitur
1382 840 1480 894 igni.

347 903 420 944 sed
454 903 581 943 simul
614 910 744 958 atque
778 905 921 946 hausit
957 906 1160 956 flammas,
1196 922 1281 947 non
1314 907 1449 947 tutior
1484 907 1626 948 hausti

345 972 433 1012 ulla
465 971 626 1021 domus,
662 988 835 1014 seruans
869 975 1003 1015 aciem
1037 976 1273 1030 duramque
1306 977 1448 1017 tenaci

346 1049 467 1097 septa
499 1044 648 1085 fidest:
687 1051 736 1086 ut
769 1052 863 1086 tum
897 1053 958 1087 est
993 1047 1054 1087 illi
1087 1047 1298 1101 patientia
1331 1049 1469 1089 uicto!
1745 1062 1832 1101 410

343 1111 416 1151 uix
449 1127 653 1167 umquam
683 1115 793 1155 redit
826 1115 871 1155 in
904 1116 1016 1156 uires
1050 1122 1179 1170 atque
1214 1118 1375 1158 cuomit
1409 1118 1567 1172 ignem.

344 1183 460 1218 totus
493 1180 608 1220 enim
642 1180 771 1222 denso
805 1182 989 1236 stipatur
1022 1183 1194 1224 robore:
1233 1185 1354 1225 tarde

342 1260 417 1299 per
449 1248 590 1287 tenuis
623 1248 807 1289 admissa
840 1251 931 1290 uias
964 1251 1160 1292 incendia
1192 1253 1330 1293 nutrit

341 1320 675 1371 cunctanterque
708 1318 855 1359 eadem
891 1326 935 1360 et
970 1320 1089 1374 pigre
1125 1326 1329 1374 concepta
1359 1321 1553 1361 remittit.

340 1398 418 1424 nec
454 1390 600 1426 tamen
633 1387 711 1427 1100
743 1402 828 1428 11110
860 1388 972 1442 quod
1005 1389 1163 1429 montis
1196 1389 1381 1443 plurima
1412 1403 1508 1443 pars
1543 1394 1607 1429 est
1741 1397 1821 1439 415

340 1452 475 1493 uincit
511 1459 553 1494 et
586 1453 756 1495 incendi
790 1470 960 1496 causam
993 1462 1114 1497 tenet
1151 1456 1248 1497 ille:
1280 1458 1467 1511 profecto

340 1519 534 1561 miranda
566 1527 630 1563 est
663 1522 815 1577 lapidis
852 1525 983 1565 uiuax
1014 1525 1290 1579 animosaque
1326 1526 1489 1566 uirtus:

339 1593 479 1629 cetera
509 1591 710 1632 materies
742 1607 1037 1648 quaecumque
1072 1600 1136 1634 est
1172 1594 1323 1634 fertilis
1356 1594 1455 1648 igni,

335 1662 384 1697 ut
417 1658 548 1698 semel
580 1673 754 1701 accensa
790 1667 865 1710 est,
899 1662 1091 1712 moritur,
1124 1677 1201 1703 nec
1232 1667 1364 1703 restat
1400 1663 1445 1703 in
1480 1662 1554 1702 1110

335 1725 448 1778 quod
481 1732 672 1780 repetas:
705 1733 877 1770 tantum
910 1729 1014 1770 cinis
1052 1735 1094 1771 et
1131 1730 1221 1771 sine
1258 1730 1419 1771 semine
1450 1736 1564 1771 terra
1595 1735 1682 1770 est:
1736 1740 1822 1781 420

334 1791 403 1832 hic
436 1794 566 1833 semel
599 1799 729 1848 atque
766 1796 924 1837 iterum
957 1797 1125 1851 patiens
1158 1812 1206 1839 ac
1238 1798 1356 1839 mille
1386 1797 1627 1853 perhaustis

334 1858 504 1913 ignibus
538 1861 749 1903 instaurat
784 1864 896 1904 uires
933 1880 1010 1906 nec
1044 1865 1200 1906 desinit
1233 1872 1334 1907 ante

334 1942 463 1981 quam
499 1928 606 1969 leuis
643 1936 813 1971 excocto
851 1931 1006 1973 defecit
1040 1934 1187 1974 robore
1221 1948 1404 1988 pumex:

330 1994 375 2034 in
410 1995 594 2036 cinerem
626 2004 855 2053 putresque
890 1999 999 2041 iacet
1036 2000 1225 2055 dilapsus
1257 2002 1448 2043 harenas.

443 2079 567 2105 cerne
603 2066 702 2107 locis
737 2068 868 2108 etiam
901 2069 967 2108 his
1001 2070 1160 2111 similes
1197 2071 1348 2112 arsisse
1384 2085 1611 2112 cauernas:
1730 2079 1810 2121 4..5

329 2131 414 2172 illic
447 2134 652 2175 materiae
688 2137 900 2177 nascentis
938 2138 1057 2192 copia
1090 2139 1249 2190 maior3

331 2200 403 2240 sed
439 2216 574 2255 genus
607 2202 684 2243 1100
720 2203 871 2258 lapidis
909 2205 1160 2258 (certissima
1191 2207 1311 2261 signa
1344 2207 1506 2261 coloris)

330 2269 443 2321 quod
480 2270 617 2311 nullas
650 2272 847 2313 adiunxit
883 2288 993 2328 opes,
1032 2275 1223 2329 elanguit
1255 2276 1374 2330 ignis.

326 2337 497 2389 dicitur,
533 2340 697 2382 insidiis
728 2342 910 2396 flagrans
943 2344 1130 2385 Aenaria
1164 2344 1390 2399 quondam,

210 2458 273 2489 398
296 2459 428 2498 liquant
444 2460 513 2498 ζςῖ
560 2462 692 2502 liquent
708 2476 774 2495 αω.
886 2466 948 2497 399
972 2466 1063 2497 mola
1080 2466 1164 2497 acris
1181 2478 1212 2498 α.
1323 2467 1386 2497 400
1410 2468 1473 2498 est:
1498 2465 1528 2496 is
1543 2466 1616 2497 Ed.
1662 2466 1713 2496 est
1729 2465 1758 2497 51
1775 2477 1807 2497 α.

210 2509 257 2539 sic
274 2522 306 2541 ω.
378 2510 407 2541 15
424 2511 488 2541 sibi
508 2513 672 2544 Gorallus.
755 2515 917 2546 aethnam
934 2528 965 2547 α..
1152 2517 1214 2547 401
1238 2516 1356 2548 robora
1376 2518 1540 2547 Gorallus.
1604 2516 1722 2547 robore
1739 2528 1805 2547 αω-

208 2560 270 2590 402
295 2561 423 2592 feruere
440 2563 495 2600 αζ.
545 2563 655 2595 fruere
671 2564 721 2606 γδ
733 2577 755 2596 ε.
803 2576 936 2597 seruare
954 2566 997 2598 ς’.
1118 2568 1181 2598 404
1205 2568 1294 2598 calor
1310 2567 1340 2598 8.
1386 2567 1480 2598 dolor
1495 2579 1548 2609 αγ
1560 2579 1573 2598 ε
1584 2567 1610 2606 ζ.
1656 2567 1746 2598 color
1763 2566 1805 2598 ς’.

208 2611 294 2643 111100
312 2625 343 2644 α..
391 2613 457 2644 1550
473 2626 495 2656 γ
507 2614 525 2645 δ
538 2627 558 2646 ε.
692 2617 754 2650 407
778 2620 900 2648 natural
916 2618 973 2649 alii
990 2630 1023 2650 α.
1069 2619 1196 2658 cogitur
1211 2618 1281 2657 ξς.
1328 2619 1453 2650 00111111·
1469 2617 1530 2650 αδ.
1578 2619 1733 2658 coquitur
1747 2630 1770 2660 γ
1782 2631 1805 2651 ε.

207 2663 270 2693 410
294 2663 408 2696 fidest:
434 2668 471 2695 ut
488 2668 561 2696 tum
579 2668 629 2697 est
646 2668 718 2698 Ed.
765 2668 830 2699 fide
846 2670 961 2699 tutum
978 2670 1028 2700 est
1045 2680 1077 2700 α.
1124 2669 1207 2700 fides
1224 2671 1338 2700 tutum
1355 2671 1405 2700 est
1421 2681 1456 2701 ω.
1576 2670 1639 2699 412
1663 2670 1757 2701 tarde
1774 2670 1804 2701 δ.

206 2713 305 2744 cardo
321 2726 352 2745 α.
402 2715 540 2747 tardans
557 2729 612 2758 γε.
658 2718 753 2749 tarda
770 2718 839 2757 535.
950 2720 1014 2750 414
1037 2722 1197 2759 concepta
1213 2722 1284 2750 Ed.
1330 2722 1447 2760 coepta
1463 2732 1486 2752 α.
1498 2733 1532 2753 ω.
1580 2724 1716 2761 accepta
1731 2723 1747 2760 ζ
1760 2722 1803 2755 S'.

205 2765 270 2797 416
293 2766 350 2797 ille
367 2779 431 2799 αω.
481 2768 541 2799 illa
559 2769 602 2800 ΕΓ.
727 2771 790 2803 417
814 2771 937 2810 lapidis
955 2773 991 2802 (10
1007 2772 1112 2812 Rooy.
1158 2771 1311 2810 lapidiun
1327 2783 1394 2803 αω.
1525 2772 1588 2803 418
1613 2773 1752 2805 Caetera
1768 2787 1801 2806 α..

204 2817 268 2848 421
292 2818 357 2849 Hic
373 2820 476 2849 Aldus
496 2821 586 2851 1534.
649 2821 703 2853 Sic
719 2834 742 2853 α
754 2821 805 2860 ὃζ.
855 2822 891 2854 Si
907 2834 929 2865 γ
941 2834 965 2854 ε.
1074 2822 1138 2853 424
1161 2822 1319 2862 delapsus
1335 2835 1401 2855 αω.
1507 2823 1569 2854 425
1592 2823 1647 2855 his
1663 2835 1713 2855 om
1731 2837 1754 2857 α,
1765 2838 1800 2857 ω.

205 2870 272 2900 add
287 2871 359 2901 Ed.
406 2870 528 2902 arsisse
545 2870 563 2902 ὃ
579 2882 651 2902 carr
669 2872 711 2904 ς’.
757 2873 883 2904 adsiste
900 2885 932 2905 α.
980 2873 1108 2904 οᾱ51550
1125 2873 1144 2905 δ
1158 2883 1211 2914 pr.
1229 2884 1270 2905 m.
1317 2873 1463 2906 adscissc
1479 2885 1502 2915 γ
1513 2886 1536 2906 ε.
1625 2875 1688 2905 428
1708 2876 1798 2907 01011-
