1997 3272
1018 212 1046 251 6

346 326 474 374 atque
505 318 635 360 oculis
664 319 846 360 haesura
876 319 962 360 tuis
992 319 1112 360 dabit
1147 319 1293 361 ordine
1325 319 1479 360 tellus:

345 388 558 430 inmensos
588 389 840 443 plerumque
873 389 990 430 sinus
1023 395 1065 430 et
1096 389 1243 444 iugera
1275 404 1445 444 pessum

345 455 582 510 intercepta
611 456 710 497 licet
738 456 979 510 densaeque
1010 456 1257 498 abscondita
1286 457 1401 498 nocti

344 530 636 578 prospectare:
668 525 814 579 procul
844 525 969 566 chaos
999 540 1046 566 ac
1074 525 1165 566 sine
1193 525 1277 566 fine
1304 526 1481 566 ruina-st.

343 592 478 632 cernis
509 598 552 633 et
583 592 627 633 in
658 593 776 633 siluis
807 593 993 647 spatiosa
1023 592 1180 633 cubilia
1209 598 1324 633 retro
1752 603 1830 642 140

346 666 554 713 antraque
589 659 802 700 demersas
834 660 1008 714 penitus
1043 660 1197 701 fodisse
1230 660 1424 701 latebras,

344 728 605 782 incomperta
638 728 709 769 uia
740 733 804 769 cst
836 743 1037 783 operum:
1075 734 1247 770 tantum
1282 729 1417 770 effluit
1450 729 1563 770 intra

343 868 595 917 argumenta
625 863 789 904 dabunt
820 864 956 918 ignoti
987 879 1089 905 uera
1119 865 1328 920 profundi.

343 938 391 972 tu
425 931 549 972 modo
583 932 760 973 subtiles
793 932 935 974 animo
969 933 1075 974 duce
1109 933 1279 988 percipe
1313 947 1435 974 curas

344 1000 636 1054 occultamque
668 1000 798 1042 fidem
830 1001 1069 1043 manifestis
1101 1003 1300 1043 abstrahe
1333 1002 1469 1042 rebus.
1751 1011 1821 1052 145

344 1081 442 1107 nam
476 1082 558 1121 quo
591 1068 762 1109 liberior
794 1083 963 1123 quoque
997 1075 1060 1110 est
1093 1070 1321 1110 animosior
1354 1069 1462 1123 ignis

342 1149 506 1190 semper
536 1136 580 1176 in
613 1137 785 1187 incluso,
819 1152 896 1178 nec
929 1138 1070 1178 uentis
1104 1138 1271 1192 segnior
1303 1137 1365 1178 ira
1398 1144 1461 1178 est

342 1202 420 1242 sub
451 1208 565 1243 terra
594 1204 851 1257 penitusque
883 1210 1061 1246 mouent
1094 1205 1164 1245 hic
1197 1205 1331 1259 plura,
1366 1219 1537 1245 nccessc
1571 1211 1635 1245 est-

339 1268 481 1309 uincla
513 1271 647 1324 magis
681 1271 860 1319 soluant‚
894 1272 1029 1326 magis
1062 1272 1140 1312 1100
1175 1272 1389 1313 obstantia
1420 1273 1594 1326 pellant.

340 1351 417 1377 nec
449 1343 595 1379 tamen
627 1339 672 1379 in
705 1340 861 1394 rigidos
895 1341 983 1381 exit
1016 1347 1218 1382 contenta
1250 1341 1416 1382 canales
1476 1340 1478 1342 ’
1749 1352 1827 1393 150

341 1405 407 1445 uis
438 1407 606 1448 animae
636 1408 917 1450 fiammaeue:
955 1411 1041 1451 ruit
1076 1425 1161 1465 qua
1194 1411 1386 1465 proxima
1419 1409 1575 1450 cedunt

342 1475 647 1531 obliquumque
680 1483 793 1519 secat
825 1494 909 1533 qua
943 1480 1036 1520 uisa
1066 1481 1297 1521 tenerrima
1329 1495 1467 1521 massa
1505 1486 1578 1521 est.

342 1543 440 1584 hinc
472 1550 610 1587 terrae
643 1552 813 1596 tremor,
849 1548 947 1590 hinc
980 1554 1135 1598 motus,
1169 1549 1243 1590 ubi
1277 1549 1432 1590 densus
1464 1549 1633 1590 hiantes

340 1612 512 1666 spiritus
546 1615 734 1669 exagitat
767 1631 899 1658 uenas
930 1619 1220 1673 cessantiaque
1254 1624 1390 1673 urget.

341 1680 454 1733 quod
484 1681 519 1722 si
550 1683 683 1737 spissa
713 1684 832 1734 foret,
865 1686 996 1727 solido
1026 1687 1058 1728 si
1091 1691 1223 1728 staret
1253 1687 1297 1728 in
1330 1687 1456 1734 omni,
1750 1697 1820 1738 155

340 1749 458 1790 nulla
487 1751 607 1793 daret
637 1754 833 1795 miranda
863 1755 928 1795 sui
959 1757 1202 1810 spectacula
1234 1757 1372 1804 tellus,

339 1817 543 1873 pigraque
577 1827 620 1861 et
652 1823 696 1861 in
729 1824 895 1877 pondus
931 1826 1118 1866 conferta
1152 1825 1382 1866 immobilis
1416 1829 1538 1865 esset.

455 1888 528 1928 sed
561 1891 740 1931 summis
773 1892 806 1931 si
840 1892 947 1934 forte
981 1900 1106 1947 putas
1138 1908 1401 1935 concrescere
1434 1891 1570 1933 causis

338 1958 509 1996 tantum
541 1972 645 2011 opus
677 1965 719 2000 ct
751 1961 902 2002 subitis
933 1962 1185 2003 alimentum
1218 1963 1392 2011 uiribus,
1427 1976 1498 2001 ora

339 2022 452 2075 quod
483 2025 630 2077 patula
660 2025 703 2066 in
735 2035 936 2083 promptu
969 2030 1104 2070 cernis
1138 2036 1366 2084 uastosque
1398 2043 1595 2077 recessus,
1745 2028 1822 2069 160

221 2138 346 2170 clausis
363 2152 396 2172 ω.
484 2143 546 2176 137
569 2144 749 2177 Inmensos
765 2159 788 2178 α.
800 2147 816 2185 ζ
827 2147 871 2179 ς’.
916 2149 1119 2180 Inmensum
1135 2161 1170 2180 ω.
1263 2149 1323 2180 138
1341 2148 1362 2191 β
1380 2150 1500 2188 beslius.
1546 2148 1737 2187 Intercepta
1754 2160 1777 2180 α.
1788 2147 1821 2190 β.

220 2188 316 2220 Inter
330 2193 420 2223 certa
436 2194 516 2234 γεζ.
561 2194 638 2226 11001
655 2196 677 2238 β
694 2198 855 2237 Scaliyer.
900 2199 985 2239 leget
1003 2212 1070 2231 αω.
1117 2200 1288 2239 densaque
1306 2199 1337 2242 β.
1384 2202 1481 2230 110010
1499 2199 1531 2242 β.
1622 2200 1682 2230 139
1706 2201 1822 2238 procul

219 2249 266 2270 om
284 2240 325 2283 β;
350 2245 488 2274 liastum
511 2246 546 2275 in
565 2249 704 2285 marain-
772 2249 905 2281 ruinast
922 2252 992 2281 Ed.
1060 2251 1179 2282 ruinae
1199 2251 1232 2291 (ι’.
1245 2262 1270 2281 e.
1288 2251 1388 2281 ruina
1406 2252 1459 2289 .ἰ·.)
1477 2263 1544 2281 αω.
1613 2250 1725 2281 minas
1745 2251 1819 2291 (i.e.

216 2290 359 2333 ruinast)
378 2293 563 2335 β.14Ο
587 2297 736 2336 spatiosa
753 2299 783 2342 β.
834 2301 1010 2341 spatioque
1027 2313 1095 2333 αω.
1173 2302 1234 2332 141
1252 2302 1422 2332 demersas
1438 2301 1576 2340 penitus
1593 2300 1625 2342 β.
1673 2301 1821 2333 demissa

215 2342 356 2380 pedibus
373 2356 440 2376 αω.
499 2346 645 2378 latebras
663 2348 695 2391 β.
763 2351 902 2381 latebris
919 2364 988 2383 αω.
1057 2352 1221 2383 demersis
1238 2352 1374 2391 penitus
1392 2352 1519 2383 sedisse
1536 2352 1674 2383 latebris
1695 2354 1819 2384 Werns-

215 2393 294 2433 (lorf
312 2396 395 2434 conj.
486 2398 547 2428 142
572 2408 711 2438 operum
728 2413 751 2432 u.
763 2413 796 2433 ω.
846 2402 913 2433 aeri
932 2402 1118 2444 β.01111111
1134 2403 1225 2433 intra
1242 2415 1306 2434 αω.
1347 2403 1461 2433 influit
1478 2403 1567 2434 intra
1584 2403 1654 2442 ssff.
1704 2404 1820 2442 effugit

213 2443 301 2475 ultra
318 2444 351 2486 β.
397 2447 424 2477 A
454 2458 484 2478 Γ.
509 2459 605 2479 seems
632 2451 693 2480 lost
719 2452 801 2482 here.
937 2453 996 2484 145
1021 2453 1179 2484 abstrahe
1202 2453 1348 2496 αβγεζ.
1396 2456 1508 2484 astrue
1526 2453 1569 2485 ἔ.
1697 2455 1757 2486 147
1782 2455 1818 2484 in

213 2494 344 2525 incluso
361 2496 623 2543 β.11111101115115
649 2513 682 2532 α..
728 2501 764 2532 111
782 2502 922 2534 inclusis
938 2516 972 2536 ω.
1111 2506 1172 2535 148
1195 2505 1251 2535 hic
1275 2506 1382 2544 plura,
1400 2506 1471 2535 Ed.
1517 2504 1580 2535 hoc
1596 2505 1695 2544 plura
1712 2505 1767 2548 αβ
1780 2518 1815 2536 ω.

211 2551 293 2582 haec
310 2553 407 2591 plura
422 2554 439 2592 ζ
452 2554 494 2585 5“.
615 2557 676 2587 150
698 2557 824 2597 rigidos
841 2571 906 2591 αω.
953 2560 1045 2591 riuos
1064 2560 1097 2603 β.
1218 2562 1277 2591 151
1303 2561 1502 2591 flamnmouo
1518 2561 1586 2590 ruit
1600 2560 1632 2604 β.
1679 2561 1818 2592 flamma

213 2603 317 2633 uerrit
335 2616 367 2635 α..
414 2605 555 2638 flamma
581 2608 694 2638 nemit
710 2607 740 2639 ὃ.
808 2610 947 2641 flamma
963 2611 1031 2642 urit
1048 2623 1103 2652 γε.
1172 2611 1311 2642 flamma
1338 2612 1461 2642 auertit
1477 2613 1494 2650 ζ
1508 2611 1550 2643 S‘.
1618 2621 1685 2651 qua
1709 2612 1730 2654 β
1743 2613 1760 2651 ζ
1773 2612 1815 2644 S‘.

213 2652 381 2696 quiin-qe.
454 2658 515 2687 152
532 2668 597 2697 qua
613 2658 689 2690 uisa
705 2671 772 2691 αω.
819 2671 904 2700 quae
921 2671 1021 2693 causa
1038 2661 1081 2704 βὶ)
1126 2671 1241 2694 massa
1258 2665 1309 2694 est
1321 2664 1391 2693 Ed.
1432 2672 1551 2693 caussa
1568 2664 1618 2693 est
1636 2661 1677 2704 βξ)
1715 2673 1817 2696 causa

213 2706 264 2735 est
281 2716 346 2735 αω.
480 2708 540 2738 153
563 2708 700 2740 hiantes
718 2710 751 2752 β.
796 2710 912 2743 hiatus
929 2722 984 2754 γε.
1030 2713 1128 2744 hiatu
1145 2725 1213 2744 αω.
1348 2714 1408 2744 155
1433 2713 1539 2744 solido
1565 2713 1594 2744 si
1623 2715 1726 2745 staret
1748 2714 1813 2756 αβ.

214 2754 339 2785 50111105
366 2754 509 2787 instaret
525 2770 579 2799 γε.
649 2761 839 2801 solidosque
866 2763 1010 2794 instaret
1027 2763 1055 2795 ὃ.
1116 2764 1289 2803 solidoque
1314 2763 1457 2794 instaret
1473 2763 1546 2802 gf.
1613 2764 1648 2794 in
1666 2765 1760 2795 omni
1777 2765 1811 2808 β.

213 2805 344 2836 inamni
361 2818 393 2838 α..
453 2807 596 2839 immani
613 2810 641 2841 8.
703 2812 799 2843 inani
821 2825 856 2844 ω.
990 2815 1052 2846 157
1075 2815 1227 2845 conferta
1243 2814 1428 2845 immobilis
1445 2814 1477 2856 β.
1538 2815 1667 2846 confert
1690 2816 1810 2847 immo—

213 2856 291 2888 bilis
315 2869 347 2888 ⁰--
393 2859 570 2890 Conffflssim
598 2862 733 2892 mobilis
757 2863 842 2904 γδε.
889 2865 1070 2896 confestim
1096 2865 1231 2896 mobilis
1247 2865 1320 2904 35.
1454 2867 1515 2898 158
1539 2876 1750 2899 concrescere
1774 2868 1806 2910 β.

214 2909 410 2941 concredere
427 2910 502 2941 ας.
550 2913 748 2951 congredere
764 2927 799 2945 ω.
906 2917 967 2948 159
991 2917 1113 2948 subitis
1131 2916 1161 2959 β.
1224 2918 1369 2948 summis
1386 2929 1453 2949 αω.
1501 2927 1558 2948 ora
1576 2917 1607 2959 β.
1657 2918 1725 2949 oris
1741 2930 1808 2953 αω.
