1997 3272
1005 198 1028 226 2

342 309 595 336 auersumue
627 293 772 335 diem?
813 307 1063 348 sparsnmue
1094 293 1139 333 in
1169 292 1333 334 semina
1363 293 1567 335 dentem?
1762 305 1817 335 20

341 363 435 417 quis
466 377 551 403 non
580 361 776 416 periurae
807 360 944 401 doluit
973 359 1198 400 mendacia
1228 360 1395 414 puppis,

340 430 552 470 desertam
582 443 716 470 uacuo
748 427 940 469 Minoida
970 427 1092 467 litore
1124 430 1328 481 questus?

339 497 545 552 quicquid
578 497 622 537 in
654 496 806 550 antiqu

804 578 878 604 11111
909 563 1067 603 iactata-
1097 568 1161 603 est
1192 563 1336 603 fabula
1367 577 1547 603 carmen.

341 633 492 674 fortius
524 634 690 687 ignotas
720 631 922 671 molimur
951 637 1121 685 pectore
1153 626 1300 671 curas:

339 701 417 755 qui
446 705 569 742 tanto
600 706 741 740 motus
773 699 900 753 operi,
932 713 1040 753 quae
1072 704 1195 739 tanta
1224 697 1403 753 perenni
1765 707 1815 748 23

347 837 529 891 explicet
560 837 606 876 in
636 836 816 877 densum
847 836 1040 875 flammas
1071 842 1115 876 et
1146 835 1292 876 trudat
1324 836 1377 875 ab
1408 835 1492 875 imo

340 905 506 959 ingenti
536 905 678 945 sonitu
709 904 840 944 moles
873 909 915 945 ct
946 904 1139 958 proxima
1170 919 1365 958 quaeque

340 973 510 1028 ignibus
541 973 708 1028 irriguis
739 978 848 1022 urat,
879 987 999 1013 mens
1030 973 1227 1013 carminis
1258 973 1362 1013 hacc
1393 979 1471 1014 est.

453 1042 661 1096 principio
693 1056 746 1082 ne
778 1056 906 1096 quem
937 1041 1075 1096 capiat
1107 1041 1274 1083 fallacia
1304 1047 1468 1090 1111111111,

339 1110 456 1151 sedes
488 1125 576 1151 esse
608 1110 677 1151 dei
708 1111 969 1164 tumidisque
1001 1125 1023 1150 e
1055 1110 1247 1151 faucibus
1278 1111 1421 1165 ignem
1763 1123 1818 1162 30

340 1179 521 1219 Vulcani
554 1194 675 1219 ruere
707 1184 750 1220 ct
783 1178 937 1219 clausis
968 1193 1162 1220 resonare
1195 1179 1387 1219 cauernis

340 1247 584 1287 festinantis
616 1261 734 1301 opus.
787 1261 872 1287 non
904 1251 968 1286 est
999 1252 1089 1286 tam
1121 1247 1289 1288 sordida
1319 1247 1430 1288 diuis

340 1329 449 1362 cura,
482 1330 621 1369 neque
654 1321 864 1356 extremas
895 1315 960 1356 ius
991 1321 1055 1356 est
1087 1315 1315 1357 demittere
1347 1316 1392 1356 in
1423 1322 1534 1357 artes

339 1384 502 1424 sidera:
547 1384 756 1425 subducto
787 1388 968 1438 regnant
999 1384 1201 1424 sublimia
1232 1385 1346 1425 caelo

340 1451 413 1492 illa
442 1467 581 1506 neque
612 1452 825 1493 artificum
857 1457 1008 1493 curant
1039 1457 1223 1493 tractare
1254 1452 1456 1494 laborem.
1765 1465 1785 1504 3
1795 1462 1812 1504 5

340 1519 551 1573 discrepat
583 1535 607 1560 a
637 1520 775 1574 prima
805 1520 931 1560 facies
962 1520 1066 1560 haec
1098 1519 1233 1561 altera
1265 1526 1441 1561 uatum:

341 1586 424 1626 illis
455 1586 661 1641 Cyclopas
693 1593 932 1628 memorant
963 1587 1204 1628 fornacibus
1235 1602 1343 1637 usos,

340 1669 437 1695 cum
468 1669 595 1708 super
625 1654 823 1695 incudem
856 1670 1081 1696 numerosa
1112 1655 1156 1695 111
1187 1656 1366 1696 uerbera
1395 1656 1524 1696 fortes

340 1722 595 1762 horrendum
627 1737 782 1777 magno
815 1728 1042 1777 quaterent
1073 1724 1153 1764 sub
1183 1724 1370 1778 pondere
1401 1724 1575 1774 fulmen,

340 1798 639 1845 armarentque.
673 1792 846 1832 Iouem:
880 1798 1004 1846 turpe
1036 1798 1079 1833 ct
1111 1793 1201 1833 sine
1233 1792 1407 1847 pignore
1439 1807 1618 1833 carmen.
1766 1804 1823 1843 40

455 1859 647 1912 proxima
678 1859 849 1911 uiuaccs
880 1860 1065 1900 Aetnaei
1096 1860 1269 1900 uerticis
1300 1860 1420 1914 ignes

341 1925 473 1979 impia
504 1925 703 1966 sollicitat
735 1926 979 1979 Phlegraeis
1011 1926 1156 1967 fabula
1187 1927 1344 1968 castris.

340 1999 618 2048 temptauere,
652 1994 780 2042 nefas,
814 1995 914 2035 olim
947 1995 1174 2035 detrudere
1205 1995 1365 2035 mundo

341 2062 477 2102 sidera
508 2062 750 2117 captiuique
783 2063 898 2104 Iouis
928 2063 1155 2104 transferre
1186 2064 1381 2118 gigantes

342 2130 567 2184 imperium
600 2136 642 2172 ct
672 2132 786 2172 uicto
817 2132 930 2185 leges
960 2133 1165 2186 inponere
1197 2133 1321 2173 caelo.
1767 2141 1818 2183 45

342 2198 406 2237 his
438 2204 591 2238 natura
622 2213 697 2238 sua
729 2204 791 2239 est
823 2199 919 2240 aluo
949 2205 1099 2240 tenus:
1134 2200 1221 2240 ima
1251 2214 1327 2254 per
1358 2199 1478 2240 orbes

342 2280 569 2319 squameus
600 2266 778 2307 intortos
810 2268 953 2308 sinuat
984 2269 1167 2322 uestigia
1197 2282 1381 2322 serpens.

342 2335 601 2375 construitur
631 2337 797 2390 magnis
827 2337 879 2377 ad
911 2337 1069 2391 proelia
1101 2338 1319 2378 montibus
1350 2352 1503 2391 agger:

341 2403 489 2444 Pelion
520 2405 626 2445 Ossa
655 2411 817 2459 grauat,
853 2421 1044 2446 suminus
1078 2407 1234 2461 premit
1267 2407 1402 2447 Ossan
1433 2407 1651 2461 Olympus.

340 2469 426 2511 iam
460 2478 725 2513 coaceruatas
756 2473 955 2514 nituntur
988 2473 1188 2515 scandere
1221 2473 1353 2514 moles
1369 2490 1378 2525 ;
1769 2481 1823 2523 50

227 2618 267 2647 20
291 2616 501 2650 Auersumue
517 2631 550 2651 α..
605 2619 839 2652 Aduersumue
856 2633 889 2653 ω.
949 2621 1080 2652 semina
1098 2622 1260 2660 Scaliger.
1315 2621 1446 2652 semine
1470 2632 1537 2652 αω.
1684 2620 1725 2650 23
1749 2621 1777 2650 is
1801 2630 1823 2651 a

218 2667 388 2705 frslymf'nt
405 2670 442 2708 os
455 2674 514 2699 two
532 2680 593 2700 vss.
683 2672 723 2702 25
742 2672 807 2711 Qui
824 2673 882 2710 (ιζ.
923 2672 1006 2711 Quis
1023 2684 1058 2703 ω.
1083 2673 1180 2704 tanta
1195 2672 1336 2712 perenni
1353 2684 1421 2703 αω.
1460 2681 1561 2702 causa
1577 2670 1736 2711 perennis
1752 2671 1819 2709 ζςῖ

227 2718 252 2746 Α
272 2727 302 2747 r.
320 2718 348 2747 is
366 2719 425 2747 lost
443 2720 528 2758 after
544 2721 596 2751 25.
795 2724 835 2753 33
852 2722 1023 2753 dimittere
1040 2723 1099 2760 αζ.
1213 2723 1253 2753 34
1271 2723 1434 2753 subducto
1451 2733 1511 2763 (εγ.
1592 2722 1729 2753 seducto
1745 2721 1764 2753 δ
1775 2722 1820 2755 S‘.

227 2777 268 2806 38
292 2776 395 2807 fortes
411 2777 479 2815 ζς.
529 2769 639 2809 foiltes
655 2791 684 2821 γ.
731 2781 843 2812 fontes
860 2793 882 2812 α.
894 2781 943 2813 δε.
1030 2782 1071 2812 39
1095 2781 1225 2811 fulmen
1242 2794 1274 2812 ω.
1324 2781 1452 2811 flumen
1469 2793 1502 2812 α.
1591 2781 1633 2811 40
1656 2782 1689 2811 et
1705 2781 1819 2812 Jacob.

227 2836 278 2866 est
302 2847 370 2867 αω.
502 2836 542 2866 41
568 2827 703 2869 uiussees
731 2851 761 2871 α.
827 2840 964 2871 aethnei
985 2852 1016 2872 α.
1152 2841 1193 2870 42
1217 2839 1369 2879 fiegraeis
1394 2851 1425 2871 α..
1560 2840 1601 2871 47
1625 2839 1768 2870 intortas
1785 2851 1816 2872 α.

226 2885 374 2918 intortus
390 2897 423 2918 ω.
539 2887 579 2917 49
604 2888 799 2922 Peloniossa
816 2903 848 2922 α..
910 2893 1029 2930 grauat
1044 2893 1146 2924 Jacob
1162 2892 1244 2931 conj.
1290 2893 1379 2922 creat
1396 2903 1461 2923 αω.
1518 2890 1597 2922 terit
1614 2889 1656 2922 ς’.
1724 2890 1818 2922 olim-
