1997 3272
1009 255 1062 294 24

353 353 461 394 eheu
495 353 676 394 defessos
706 353 893 408 posuisse
926 353 969 393 in
1001 352 1148 396 limine
1180 352 1380 393 membra.

351 422 520 473 parcite,
553 436 682 462 auara
711 435 873 471 manus,
906 420 1017 461 dites
1049 420 1243 461 attollere
1275 419 1476 474 praedas:

353 489 435 530 illis
471 490 649 531 diuitiae
682 491 793 531 solae
826 495 1046 544 materque
1080 495 1298 544 paterque,
1748 488 1833 539 630

352 557 460 599 hane
490 564 676 613 raperest
710 558 932 613 praedam:
963 558 1240 611 mediumque
1272 557 1386 598 exire
1419 571 1495 611 per
1528 557 1670 611 ignem

352 625 442 678 ipso
474 626 601 667 dante
637 626 766 666 fidem
800 632 1038 680 properant.
1072 641 1095 667 o
1128 626 1316 666 maxima
1347 640 1490 666 rerum

354 698 396 732 et
432 693 583 734 merito
616 693 752 747 pietas
788 693 951 733 homini
987 692 1205 734 tutissima
1237 692 1397 733 uirtus!

353 759 558 801 erubuere
594 761 686 815 pios
718 761 896 801 iuuenes
929 760 1141 814 attingere
1177 759 1375 800 flammae

353 834 396 868 et
432 843 699 883 quacumque
730 828 873 869 ferunt
903 827 965 868 illi
995 828 1178 882 uestigia
1208 826 1375 868 cedunt.
1751 826 1829 877 635

350 895 452 937 felix
483 897 556 938 illa
586 897 685 946 dies,
722 897 796 937 illa
829 902 892 937 est
925 896 1099 936 innoxia
1133 901 1269 936 terra:

350 964 524 1006 dextera
555 981 682 1007 saeua
710 970 863 1007 tenent
893 966 1102 1019 laeuaque
1139 964 1335 1005 incendia
1366 964 1556 1005 seruent:

352 1032 423 1073 ille
454 1048 529 1088 per
564 1034 757 1088 obliquos
790 1033 899 1088 ignis
932 1034 1193 1087 fratremque
1228 1032 1498 1087 triumphans

349 1173 470 1210 tutus
501 1176 681 1224 uterque
712 1170 782 1224 pio
813 1170 891 1210 sub
923 1170 1133 1224 pondere:
1164 1169 1317 1210 suffieit
1349 1169 1432 1217 illa,

352 1242 396 1277 et
426 1237 535 1278 circa
563 1237 754 1291 geminos
785 1237 937 1278 auidus
969 1238 1049 1277 sibi
1079 1242 1292 1291 temperat
1323 1237 1443 1292 ignis.
1752 1237 1837 1288 640

352 1304 583 1346 incolumes
614 1306 776 1347 abeunt
806 1306 983 1347 tandem
1014 1311 1058 1347 et
1089 1321 1165 1347 sua
1196 1306 1376 1347 numina
1406 1320 1549 1347 seeum

354 1373 473 1414 salua
502 1373 654 1415 ferunt.
687 1373 780 1415 illos
810 1374 1022 1416 mirantur
1053 1375 1242 1416 carmina
1270 1380 1432 1425 uatum,

352 1443 444 1484 illos
475 1445 662 1499 seposuit
693 1445 803 1486 claro
836 1446 914 1486 sub
945 1445 1118 1486 nomine
1149 1445 1289 1497 Ditis3

351 1526 430 1553 nec
461 1519 625 1554 sanctos
658 1513 836 1554 iuuenes
870 1514 1092 1568 attingunt
1129 1513 1297 1554 sordida
1326 1513 1440 1554 fata:

351 1594 521 1622 securae
552 1597 711 1623 cessere
743 1582 893 1623 domus
925 1588 968 1623 et
1005 1583 1098 1624 iura
1135 1583 1312 1638 piorum.
1752 1582 1832 1634 645

235 1712 336 1744 sortis
352 1725 374 1746 ε.
447 1715 509 1747 626
532 1714 656 1747 incinis
673 1727 704 1748 α.
776 1716 838 1749 627
862 1719 999 1748 senecta
1016 1718 1178 1757 Scaliyer.
1226 1726 1409 1757 senemque
1426 1728 1449 1749 α
1461 1729 1494 1748 ω.
1564 1717 1626 1748 628
1642 1716 1742 1748 Eheu
1758 1715 1832 1749 (ις’.

235 1764 383 1796 Heuheu
398 1765 415 1804 ζ
428 1765 469 1798 ς’.
540 1766 607 1799 Seu
623 1766 651 1799 ὃ.
720 1767 788 1799 Seu
803 1768 872 1798 iam
888 1780 910 1810 γ
923 1780 945 1801 ε.
1015 1768 1167 1799 defossos
1183 1781 1215 1800 α..
1274 1769 1430 1809 posuisse
1446 1768 1482 1799 in
1500 1768 1659 1807 Scaliger.
1705 1767 1836 1808 posuis-

237 1834 312 1864 sent
329 1845 394 1866 αω.
529 1834 590 1865 629
614 1844 748 1873 manus,
767 1835 854 1866 dites
871 1837 986 1867 Aldus.
1044 1825 1229 1867 manduces
1246 1847 1278 1867 α..
1325 1845 1431 1866 manu
1447 1835 1562 1866 dicens
1578 1847 1600 1877 γ
1613 1835 1631 1866 ὃ
1645 1847 1666 1867 ε.
1712 1844 1837 1867 manus

237 1883 352 1915 dicens
367 1883 436 1922 35.
484 1885 630 1916 attollite
646 1897 668 1927 γ
681 1885 699 1916 δ
710 1898 733 1918 ε.
859 1887 921 1917 630
944 1886 1060 1926 cliuine
1077 1888 1134 1926 αζ.
1269 1887 1329 1917 631
1354 1888 1504 1925 raperest
1520 1888 1592 1918 Ed.
1638 1886 1749 1926 rapies
1766 1899 1789 1918 α
1800 1899 1835 1919 ω.

236 1941 375 1981 rapiunt
393 1941 434 1973 ff.
569 1944 630 1975 632
654 1932 801 1978 maxim&
817 1957 849 1978 α.
986 1948 1047 1978 634
1071 1948 1229 1979 flammae
1244 1959 1266 1989 γ
1278 1948 1324 1986 εζ.
1382 1948 1520 1978 flamma
1536 1960 1569 1979 α.
1615 1948 1791 1979 flammam
1807 1947 1836 1979 8.

237 1993 298 2024 635
316 2002 527 2032 quacumque
542 2005 564 2035 γ
575 1995 592 2032 ζ
603 1994 644 2027 5‘.
684 2005 888 2036 quaeclunq;
905 2008 937 2029 α.
1027 1999 1089 2029 636
1104 2000 1193 2030 terra
1206 2010 1239 2030 α.
1278 2000 1386 2030 terrae
1399 2011 1432 2031 ω.
1526 2000 1587 2031 637
1603 2000 1721 2030 tenent
1737 2011 1759 2041 γ
1769 2011 1782 2031 ε
1793 1999 1835 2031 5‘.

236 2061 331 2091 tenet
347 2060 408 2092 αδ.
458 2048 573 2092 ferunt
589 2073 621 2093 α.
712 2063 774 2093 638
798 2074 816 2093 a
836 2074 862 2095 Γ.
882 2065 909 2094 is
927 2065 996 2096 lost.
1088 2066 1149 2097 639
1166 2065 1226 2096 illa
1243 2077 1275 2098 α..
1324 2066 1419 2096 illam
1436 2077 1470 2098 ω.
1562 2066 1624 2097 640
1640 2067 1790 2105 gemines
1803 2079 1835 2099 α.

236 2111 331 2150 ignes
348 2122 401 2153 αγ
412 2112 438 2150 ζ.
615 2112 677 2143 643
701 2113 782 2144 Illos
799 2114 949 2153 seposuit
966 2116 1125 2154 Scalisler.
1189 2117 1254 2147 Illo
1271 2126 1306 2148 se
1321 2117 1435 2156 posuit
1452 2129 1486 2149 α.
1533 2117 1596 2149 1116
1613 2127 1649 2149 56
1665 2118 1779 2158 posuit
1801 2131 1834 2151 ω.

239 2162 300 2193 644
323 2162 394 2194 fata
409 2163 480 2204 γεζ
491 2161 532 2195 5'.
604 2163 693 2195 facta
709 2175 732 2195 α.
744 2163 772 2196 8.
953 2166 1014 2196 645
1041 2167 1185 2199 Securae
1202 2169 1258 2199 Ed
1267 2192 1274 2200 .
1344 2168 1411 2200 Sed
1427 2177 1525 2200 curae
1541 2180 1574 2200 α.
1631 2168 1698 2201 Sed
1713 2168 1786 2201 iure
1802 2181 1835 2202 ω.

239 2222 357 2245 PUBLII
381 2222 531 2245 UIRGILII
554 2222 705 2246 MARONIS
728 2224 865 2246 AETHNA
889 2224 997 2248 FINIT·
1019 2229 1051 2249 α.
