1997 3272
915 258 966 298 23

258 355 431 397 artificis
461 359 638 396 naturae
668 354 818 408 ingens
854 366 958 407 opus
991 353 1156 407 aspice:
1190 354 1310 395 nulla
1654 352 1740 394 600

259 437 359 462 nam
391 427 513 465 tanta
547 421 745 461 humanis
776 421 902 461 rebus
935 421 1176 474 spectacula
1209 435 1375 462 cernes:

258 489 566 543 praecipueque
596 487 702 541 uigil
737 487 905 528 feruens
938 487 1013 528 ubi
1045 487 1180 528 Sirius
1216 488 1348 529 ardet.

254 557 494 611 insequitur
525 555 719 596 miranda
753 561 899 596 tamen
936 571 1012 597 sua
1044 556 1188 597 fabula
1219 563 1422 605 montem,

256 639 333 666 nec
366 625 506 665 minus
542 624 613 664 1110
646 624 728 678 pio,
766 639 1027 679 quamquam
1063 639 1170 674 sons,
1205 625 1357 666 nobilis
1392 625 1535 679 ignist.

256 709 356 734 nam
389 694 603 749 quondam
637 693 774 748 ruptis
810 693 1039 734 excanduit
1073 694 1216 734 Aetna
1246 694 1438 735 cauernis
1652 692 1731 743 605

253 769 297 803 et
332 763 453 803 uelut
488 761 646 803 euersis
680 762 852 816 penitus
887 761 1127 802 fornacibus
1161 761 1270 815 ignis

253 837 402 872 euecta
433 831 478 871 in
512 831 726 884 longumst
762 829 920 883 rapidis
953 828 1191 870 feruoribus
1223 828 1362 869 unda:

253 899 368 940 haud
403 899 525 939 aliter
557 913 686 952 quam
718 913 815 939 cum
849 912 974 938 saeuo
1011 897 1114 938 Ioue
1151 896 1341 951 fulgurat
1376 895 1524 937 aether

253 971 296 1007 et
328 965 514 1006 nitidum
548 966 723 1006 obscura
755 965 919 1006 caelum
953 964 1133 1018 caligine
1168 969 1351 1018 torquet.

250 1033 456 1073 ardebant
491 1033 601 1087 agris
634 1037 798 1086 segetes
833 1037 875 1072 et
911 1031 1035 1072 mitia
1068 1030 1187 1071 cultu
1648 1029 1734 1069 610

248 1102 395 1156 iugera
429 1116 526 1145 cum
559 1101 765 1145 dominis:
796 1101 928 1142 siluae
960 1100 1171 1155 collesque
1202 1099 1427 1140 rubebant.

250 1170 429 1210 uixdum
462 1175 598 1211 castra
628 1174 785 1224 putant
818 1169 984 1209 hostem
1017 1167 1200 1208 mouisse
1232 1165 1516 1213 tremendum,

250 1243 293 1279 et
326 1238 411 1278 iam
443 1238 650 1279 finitimae
686 1244 829 1292 portas
865 1242 1058 1278 euaserat
1091 1235 1216 1276 urbis.

249 1312 344 1347 tum
375 1321 476 1347 uero
509 1313 558 1347 ut
591 1306 743 1360 cuique
776 1312 840 1346 est
873 1305 1040 1345 animus
1073 1304 1280 1357 uiresque,
1315 1301 1464 1356 rapina

249 1375 382 1415 tutari
416 1381 622 1416 conantur
657 1389 783 1429 opes:
815 1373 949 1428 gemit
986 1373 1057 1413 ille
1094 1372 1173 1412 sub
1206 1385 1333 1422 auro3
1644 1368 1724 1418 615

249 1441 408 1495 colligit
440 1441 510 1482 1110
546 1456 663 1482 arma
695 1450 739 1482 et
775 1441 907 1481 stulta
939 1440 1100 1481 ceruice
1136 1438 1329 1493 reponit3

248 1509 462 1550 defectum
494 1510 627 1564 raptis
662 1510 784 1550 11111111
818 1524 895 1550 sua
927 1509 1114 1550 carmina
1145 1507 1343 1558 tardant3

248 1577 316 1618 hic
345 1578 471 1619 uelox
500 1579 676 1619 minimo
707 1583 905 1633 properat
936 1578 1014 1618 sub
1044 1576 1230 1632 pondere
1260 1589 1422 1630 pauper

247 1651 291 1686 et
323 1646 435 1700 quod
468 1647 620 1701 cuique
654 1647 736 1687 fuit
768 1647 853 1688 cari
884 1647 993 1701 fugit
1025 1647 1115 1701 ipse
1146 1645 1224 1686 sub
1254 1645 1338 1685 1110.

247 1714 319 1755 sed
354 1729 440 1755 non
472 1715 694 1756 incolumis
727 1715 947 1756 dominum
981 1728 1057 1754 sua
1089 1712 1246 1767 praeda
1280 1715 1426 1752 secuta
1458 1713 1544 1750 est:
1643 1707 1728 1748 620

246 1783 487 1823 cunctantis
519 1789 642 1824 uorat
674 1783 784 1837 ignis
816 1789 859 1823 et
892 1781 1082 1835 undique
1119 1785 1253 1821 torret
1286 1792 1446 1826 auaroS‚

245 1852 515 1905 consequitur
546 1852 701 1906 fugisse
732 1851 835 1892 ratis
869 1858 911 1891 et
944 1848 1136 1904 praemia
1170 1847 1304 1902 captis

243 1916 456 1972 increpat:
487 1918 590 1958 haec
620 1918 747 1959 nullis
777 1931 952 1972 parsura
984 1915 1181 1956 incendia
1211 1918 1391 1969 pascunt

242 1985 313 2025 uel
344 1985 441 2026 solis
472 2000 649 2040 parsura
680 1986 800 2040 pieis.
833 1999 1018 2039 namque
1049 1984 1212 2038 optima
1245 1983 1383 2038 proles

242 2053 555 2107 Amphinomus
585 2054 799 2108 fraterque
828 2054 921 2108 pari
953 2053 1030 2093 sub
1062 2066 1237 2093 munere
1270 2050 1400 2099 fortis,
1640 2046 1719 2097 625

241 2135 338 2162 cum
373 2122 459 2163 iam
494 2123 646 2163 uicinis
679 2129 918 2177 streperent
953 2120 1150 2162 incendia
1185 2119 1320 2168 tectis,

241 2190 451 2244 aspiciunt
481 2191 735 2246 pigrumque
768 2197 934 2246 patrem
967 2195 1233 2243 matremque
1266 2191 1436 2228 senecta

125 2315 278 2355 marique
292 2317 349 2348 Ed
360 2342 368 2350 .
429 2318 599 2359 marisque
615 2331 638 2351 α.
649 2332 682 2351 ω.
816 2319 878 2350 600
900 2320 1043 2350 naturae
1059 2330 1092 2350 ω.
1153 2319 1276 2348 natura
1292 2328 1325 2348 α..
1459 2314 1520 2346 601
1543 2313 1632 2344 Nam
1649 2313 1719 2343 Ed.

125 2366 211 2398 Cum
227 2380 250 2400 α.
261 2381 295 2400 ω.
363 2370 462 2401 rebus
478 2373 582 2402 Aldus
601 2372 691 2402 1534.
759 2370 911 2410 phoebus
928 2383 950 2402 α.
962 2383 996 2402 ω.
1130 2370 1191 2401 602
1216 2368 1464 2407 Praecipueque
1481 2378 1514 2398 α.
1560 2365 1671 2405 syrius
1688 2376 1719 2396 α.

125 2418 220 2449 ardet
241 2431 273 2451 α.
341 2421 463 2452 ardens
479 2434 512 2453 ω.
689 2422 751 2454 604
775 2432 854 2452 sons
871 2423 1032 2452 Barthius
1060 2422 1093 2452 ιή
1109 2421 1235 2451 advers.
1305 2428 1376 2449 sors
1393 2429 1415 2449 α,
1427 2429 1459 2448 ω.
1527 2416 1631 2455 ignis-t
1648 2416 1717 2445 Ed.

123 2468 211 2508 ignis
228 2481 251 2501 α,
262 2482 296 2502 ω.
419 2472 480 2503 605
505 2472 676 2511 quondam
694 2484 724 2504 α.
772 2472 907 2512 quando
923 2485 956 2503 ω.
1007 2471 1131 2503 aethna
1147 2483 1178 2503 α..
1315 2470 1377 2501 606
1399 2467 1487 2507 ignis
1504 2468 1607 2497 Aldus
1625 2466 1718 2497 1534.

123 2521 218 2559 ignes
234 2533 300 2553 (ιω.
403 2523 464 2555 607
488 2524 616 2554 Euecta
633 2536 655 2555 α.
670 2525 777 2554 Aldus
795 2524 886 2554 1534.
933 2523 980 2553 Et
996 2525 1094 2553 uecta
1109 2535 1142 2553 ω.
1191 2521 1363 2559 longumst
1379 2519 1448 2549 Ed.
1494 2517 1631 2555 longum
1648 2528 1671 2547 ο,
1682 2528 1715 2547 ω.

123 2573 251 2611 rapidis
268 2573 310 2605 ς’.
356 2575 479 2613 lapidis
495 2575 558 2607 αδ.
654 2577 716 2607 610
739 2575 827 2613 agris
843 2586 866 2606 ο,
877 2586 931 2616 γε.
981 2575 1071 2605 aruis
1088 2574 1106 2605 ὃ
1119 2573 1189 2612 ζς.
1235 2572 1334 2602 mitia
1348 2572 1517 2601 Heinsius.
1564 2569 1673 2600 millia
1685 2581 1718 2601 α..

124 2623 220 2654 milia
234 2636 267 2655 ω.
306 2625 421 2655 monia
435 2624 477 2656 ς’.
568 2626 628 2656 611
645 2625 811 2655 rubebant
828 2626 898 2655 Ed.
940 2624 1083 2654 urebant
1099 2636 1131 2654 α..
1180 2622 1336 2652 uirebant
1351 2633 1373 2662 γ
1383 2621 1433 2653 δε.
1482 2620 1633 2650 uirentes
1648 2619 1716 2658 ζέ.

125 2675 186 2706 612
210 2674 358 2705 mouisse
374 2687 408 2706 ω.
456 2675 594 2706 nouisse
611 2687 642 2707 α.
687 2674 903 2706 tremendum
918 2675 1033 2705 Jacob.
1081 2673 1273 2704 tremebant
1289 2684 1354 2704 αω.
1463 2670 1525 2702 614
1548 2671 1717 2710 uiresque,

122 2727 243 2767 rapina
258 2728 363 2758 Aldus
381 2728 472 2759 1534.
521 2728 689 2759 uirescera
711 2727 811 2767 pinae
828 2738 860 2758 α..
906 2726 1064 2766 uiresque
1086 2725 1224 2765 rapinae
1240 2737 1274 2757 ω.
1368 2725 1430 2756 618
1452 2723 1597 2755 minimo
1612 2725 1719 2755 Aura-

124 2783 186 2814 tus,
203 2779 374 2808 Heinsius.
455 2777 563 2809 nimio
579 2790 602 2810 ο,
613 2791 646 2810 ω.
825 2778 886 2809 622
911 2777 1174 2816 Consequiturq3
1199 2787 1230 2807 α..
1300 2774 1384 2806 ratis
1406 2786 1429 2806 α.
1440 2786 1476 2807 ω.
1563 2775 1655 2805 ratos
1672 2774 1714 2808 ς’.

125 2829 186 2860 623
210 2828 367 2867 Increpat
382 2827 451 2866 ξς.
522 2829 707 2868 Concrepat
723 2839 746 2859 α.
758 2840 791 2860 ω.
861 2827 945 2858 haec
960 2828 1030 2859 Ed.
1091 2836 1129 2858 ae
1146 2838 1169 2858 α
1181 2826 1199 2857 ὃ
1211 2827 1228 2865 ζ
1239 2825 1279 2858 5’.
1351 2827 1384 2857 et
1398 2836 1453 2867 γε.
1522 2825 1610 2856 110111
1627 2835 1718 2865 spar-

123 2891 203 2913 sura
218 2893 242 2912 ο.
253 2893 286 2912 ω.
377 2881 439 2912 624
463 2891 619 2920 sparsura
635 2893 658 2913 ο.
669 2893 702 2912 ω.
750 2880 834 2920 pieis
850 2882 921 2912 Ed.
970 2880 1038 2919 piis
1055 2879 1098 2912 5'.
1144 2879 1222 2911 dees
1238 2891 1261 2911 u.
1272 2891 1308 2910 ω.
1353 2889 1403 2910 om
1418 2890 1449 2920 γ.
1554 2878 1614 2909 625
1638 2878 1717 2908 Α111-

123 2932 310 2973 phinomus
326 2943 348 2974 γ
358 2943 371 2964 ε
386 2933 491 2963 Aldus
509 2932 603 2963 1534.
670 2931 842 2971 Amphion
858 2943 881 2963 α.
893 2930 912 2963 δ
924 2931 941 2970 ζ
952 2930 992 2963 5‘.
1059 2930 1156 2962 fortis
1172 2942 1202 2972 γ.
1273 2930 1377 2961 fortes
1395 2929 1435 2961 ς.
1502 2929 1607 2960 fontis
1624 2940 1647 2960 α
1659 2928 1677 2960 δ
1689 2929 1715 2967 ζ.
