1997 3272
920 252 941 290 3

250 349 404 404 impius
437 356 479 390 et
512 349 632 389 miles
665 347 905 388 metuentia
937 347 1174 388 comminus
1207 354 1319 388 astra

248 422 472 471 prouocat:
504 416 684 456 infestus
714 419 886 455 cunctos
917 414 970 454 ad
1000 414 1160 468 proelia
1189 415 1310 455 diuos

247 489 447 539 prouocat
476 482 743 537 admotisque
773 482 1005 523 trementia
1036 482 1174 523 sidera
1203 482 1347 536 signis.

247 552 441 606 Iuppiter
471 565 525 592 en
554 550 667 591 caelo
697 549 854 591 metuit
885 549 1165 604 dextramque
1197 564 1412 590 coruscam

245 624 432 659 armatus
462 618 636 658 flamma
664 620 857 657 remouet
888 616 1068 670 caligine
1100 615 1320 657 mundum.
1671 626 1717 666 55

244 685 459 725 incursant
488 689 609 725 uasto
639 684 827 738 primum
859 683 1041 723 clamore
1070 683 1277 737 gigantes.

242 753 340 794 hinc
371 767 524 807 magno
555 757 676 793 tonat
709 766 777 792 ore
809 756 942 805 pater,
976 750 1285 805 geminantque
1317 749 1511 790 fauentes

242 821 431 875 undique
462 820 664 861 discordei
695 820 882 861 sonitum
913 819 1040 860 simul
1071 819 1241 873 agmine
1272 818 1407 859 uenti.

242 889 372 930 densa
403 904 478 943 per
510 889 713 930 attonitas
744 893 1004 942 rumpuntur
1037 888 1219 927 fulmina
1251 887 1410 937 nubes;

240 963 369 1011 atque
402 958 447 997 in
479 957 726 998 bellandum
759 971 867 1010 quae
900 956 1052 1010 cuique
1088 955 1284 1009 potentia
1319 954 1470 995 diuum
1663 953 1720 992 60

241 1027 283 1067 in
318 1042 540 1068 commune
573 1028 718 1068 uenit:
752 1027 838 1067 iam
870 1026 983 1081 patri
1016 1026 1193 1066 dextera
1225 1025 1366 1065 Pallas

240 1102 283 1137 et
317 1096 430 1137 Mars
463 1111 637 1137 scaeuus
671 1102 773 1144 erat,
807 1097 892 1136 iam
926 1100 1066 1136 cetera
1098 1094 1225 1135 turba
1257 1093 1432 1133 deorum

239 1170 355 1205 stant
386 1165 617 1219 utrimque.
650 1163 823 1215 †deus†
854 1164 1018 1204 ualidos
1052 1169 1146 1204 tum
1179 1162 1375 1217 Iuppiter
1407 1160 1517 1215 ignis

238 1229 429 1284 increpat
462 1236 504 1271 et
537 1231 673 1271 uictor
704 1231 928 1285 proturbat
961 1230 1139 1271 fulmine
1172 1235 1351 1270 montes.

238 1297 353 1337 illinc
385 1297 588 1339 deuectae
620 1303 843 1339 uerterunt
876 1303 995 1352 terga
1027 1297 1176 1338 ruinae
1661 1293 1711 1344 65

238 1365 417 1407 infestae
450 1366 561 1407 diuis
594 1366 714 1415 acies,
749 1371 879 1420 atque
913 1366 1068 1420 impius
1101 1365 1234 1406 hostis

235 1447 434 1487 praeceps
462 1448 559 1473 cum
590 1433 736 1474 castris
768 1433 908 1487 agitur
940 1439 1162 1487 materque
1194 1432 1370 1473 iacentis

235 1500 457 1554 impellens
489 1501 633 1542 uictos.
669 1507 761 1541 tum
794 1515 876 1555 pax
910 1506 974 1541 est
1006 1500 1173 1541 reddita
1199 1499 1370 1547 mundo,

234 1574 329 1608 tum
362 1568 468 1608 liber
501 1574 660 1610 cessat:
697 1569 818 1609 uenit
851 1583 926 1622 per
959 1568 1123 1609 sidera:
1158 1568 1324 1609 caelum

234 1635 480 1690 defensique
514 1636 640 1677 decus
673 1636 823 1676 mundi
855 1651 967 1676 nunc
1003 1636 1195 1677 redditur
1227 1635 1364 1676 astris,
1659 1642 1714 1682 70

229 1703 397 1757 gurgite
431 1703 644 1744 Trinacrio
678 1703 932 1744 morientem
966 1703 1163 1758 Iuppiter
1195 1703 1342 1744 Aetna

232 1771 373 1812 obruit
405 1772 659 1820 Enceladon,
696 1778 816 1813 uasto
850 1772 923 1826 qui
955 1773 1141 1826 pondere
1174 1771 1332 1812 montis

232 1844 399 1880 aestuat
433 1844 475 1880 et
507 1840 705 1894 petulans
739 1840 904 1894 expirat
937 1839 1129 1880 faucibus
1162 1839 1316 1893 ignem.

345 1909 449 1949 haec
482 1914 546 1949 est
578 1909 804 1949 mendosae
837 1908 1015 1962 uulgata
1047 1907 1220 1947 licentia
1252 1907 1399 1946 famae.

231 1975 401 2016 uatibus
434 1975 655 2030 ingenium
688 1982 774 2017 est:
809 1975 908 2015 hinc
941 1974 1062 2015 audit
1093 1974 1235 2015 nobile
1268 1987 1463 2014 carmen:

228 2044 412 2098 plurima
442 2059 539 2098 pars
571 2059 720 2085 scenae
753 2059 903 2085 uerum
939 2049 1003 2084 est
1035 2043 1224 2084 fallacia:
1260 2048 1381 2083 uates

229 2111 308 2152 sub
339 2112 461 2153 terris
493 2113 635 2167 nigros
668 2112 869 2153 uiderunt
902 2111 1088 2152 carmine
1121 2125 1268 2151 manes

229 2180 503 2234 atqueinter
537 2181 711 2232 cineres,
747 2180 860 2221 Ditis
893 2180 1100 2235 pallentia
1131 2193 1262 2233 regna

228 2247 399 2288 mentiti
431 2254 554 2289 uates
585 2248 755 2304 Stygias
787 2248 1033 2303 undasque:
1067 2252 1269 2289 canentes

1658 1981 1680 2020 Nl

1688 1979 1705 2020 &n

111 2408 176 2439 pus
192 2411 225 2431 α..
285 2401 326 2432 52
349 2400 495 2433 infestus
512 2414 535 2434 α
546 2402 562 2441 ζ
573 2401 616 2434 ς’.
663 2402 819 2434 infensus
835 2414 890 2444 γε.
937 2403 978 2433 53
995 2400 1177 2432 trementia
1192 2401 1264 2431 Ed.
1302 2398 1404 2430 tertia
1420 2410 1452 2430 α.
1492 2396 1706 2437 que—signis

111 2461 161 2481 om
176 2462 212 2482 ω.
301 2451 342 2482 54
366 2461 408 2483 en
423 2454 479 2483 Ed
491 2476 498 2483 .
545 2463 563 2484 e
579 2465 645 2485 αω.
691 2453 908 2492 dextramque
926 2465 949 2484 α,
963 2453 1079 2483 Aldus.
1125 2451 1308 2490 dextraque
1323 2461 1359 2481 ω.
1453 2449 1494 2480 55
1518 2447 1655 2478 flamma
1671 2457 1704 2477 α..

110 2500 285 2532 flammam
301 2513 335 2532 ω.
446 2504 487 2536 57
510 2504 601 2534 Hinc
618 2505 777 2543 Scaliger.
823 2503 889 2534 Hic
905 2515 973 2535 (ιω.
1084 2503 1125 2534 58
1149 2500 1315 2532 discordei
1330 2501 1403 2531 Ed.
1449 2497 1618 2529 discordes
1635 2508 1700 2528 αω.

110 2551 260 2582 sonitum
275 2553 377 2583 Jacob
395 2554 479 2592 conj.
524 2554 688 2595 comitum
704 2555 771 2586 αω’.
838 2555 879 2585 59
902 2552 1045 2583 flumina
1061 2563 1094 2583 α..
1163 2553 1204 2583 60
1220 2552 1267 2582 Et
1284 2560 1347 2590 que
1363 2550 1410 2586 in,
1428 2559 1478 2579 om
1495 2552 1557 2579 rest
1573 2548 1611 2586 os
1621 2557 1651 2577 v.
1669 2558 1703 2577 ω.

109 2602 218 2641 Atque
233 2602 270 2633 in
286 2612 379 2634 arma
394 2603 463 2634 ruit
479 2613 697 2643 quaecunque
715 2603 757 2635 5‘.
797 2603 1034 2641 bellandumq:
1052 2614 1086 2633 α..
1131 2600 1277 2640 potintia
1293 2611 1316 2631 α.
1326 2609 1379 2638 pr.
1397 2609 1438 2629 m.
1527 2597 1566 2628 61
1591 2607 1641 2627 om
1657 2598 1706 2627 all

109 2659 220 2694 except
235 2666 267 2686 α..
315 2656 354 2687 62
379 2665 520 2686 scaeuus
537 2667 560 2686 ε.
606 2664 727 2686 saeuus
743 2667 766 2686 α
777 2667 811 2685 ω.
857 2656 990 2684 caetera
1005 2665 1038 2684 α..
1150 2653 1189 2683 63
1215 2651 1296 2683 deus
1311 2650 1443 2681 ualidos
1460 2660 1527 2681 αω.
1572 2649 1702 2679 metus:

109 2705 240 2737 ualidos
258 2705 300 2737 ς’.
367 2707 407 2737 64
430 2705 539 2737 uictor
554 2717 609 2748 γε.
656 2705 748 2736 uicto
764 2717 795 2743 α,
816 2703 834 2735 8
846 2715 898 2743 pr.
914 2714 951 2734 m.
998 2703 1132 2734 uinctos
1149 2701 1168 2732 8
1184 2712 1274 2733 corr.
1319 2700 1406 2732 iacto
1423 2699 1464 2731 5‘.
1510 2698 1653 2730 flumine
1669 2710 1702 2730 σ..

110 2756 149 2788 65
166 2756 325 2787 deuectae
341 2755 386 2794 ὃζ
397 2766 449 2796 pr.
466 2767 506 2787 m.
526 2755 567 2788 ff.
617 2756 769 2787 deuictae
786 2765 870 2796 αγε.
958 2754 998 2785 66
1021 2753 1171 2784 Infestae
1187 2764 1222 2783 ω.
1260 2752 1369 2782 Infert
1384 2761 1401 2782 e
1418 2762 1451 2782 α.
1540 2750 1580 2781 67
1604 2749 1703 2780 Prae-

107 2806 213 2857 ceptis
229 2818 262 2838 α.
374 2807 413 2839 69
437 2808 546 2838 cessat
562 2818 595 2838 α.
641 2816 734 2838 cessa
750 2817 763 2837 ε
781 2816 834 2846 pr.
852 2816 892 2836 m.
938 2813 1033 2848 cessa
1048 2814 1081 2845 γ.
1127 2803 1216 2834 celsa
1232 2814 1267 2834 ω.
1313 2801 1424 2833 celum
1440 2811 1509 2832 αω.
1556 2799 1640 2830 caeli
1657 2798 1700 2830 ς’.

109 2869 149 2901 71
173 2867 307 2899 Curcite
324 2879 356 2898 α.
439 2866 565 2899 aethna
581 2879 614 2899 α..
789 2868 828 2898 72
853 2865 1051 2897 enceladum
1066 2876 1101 2895 ω.
1190 2865 1288 2895 uasto
1304 2862 1362 2903 qui
1378 2875 1413 2904 ῳ.
1502 2863 1641 2900 uastoq:
1667 2872 1700 2892 α..

107 2920 198 2951 uasti
213 2928 344 2959 quoque
360 2918 377 2956 ζ
390 2917 430 2950 ς’.
550 2920 590 2951 ’73
614 2918 773 2957 petulans
788 2929 823 2947 ω.
868 2916 983 2955 petula
999 2915 1073 2947 inse
1089 2927 1122 2946 α.
1167 2914 1293 2954 patulis
1308 2915 1428 2945 Aldus.
1519 2913 1560 2944 76
1581 2921 1701 2943 uerum

1479 2978 1586 3018 1-2
