1997 3272
1006 203 1030 241 8

328 324 424 365 pars
456 309 544 364 igni
575 309 773 359 domitae,
804 324 899 364 pars
930 310 1049 365 ignes
1079 310 1187 351 ferre
1219 315 1399 351 coactae.
1730 308 1804 358 185

328 379 432 419 haec
463 377 600 433 operis
629 377 808 419 uisenda
837 379 942 419 sacri
973 379 1184 432 faciesque
1215 378 1461 432 domusque,
1692 374 1810 415 1861)

328 447 434 488 haec
464 447 527 488 illi
561 447 680 488 sedes
712 453 1018 502 tantarumque
1050 461 1149 487 area
1181 461 1323 487 rerum
1356 450 1433 486 est.

442 529 556 555 nunc
587 529 690 568 opus
725 513 931 555 artificem
965 513 1132 554 incendi
1164 526 1420 566 causamque
1451 510 1644 565 reposcit,

330 597 415 623 non
447 583 564 623 illam
595 583 718 637 parui
750 588 825 623 aut
855 582 998 623 tenuis
1027 581 1304 621 discriminis:
1338 581 1455 634 ignes

331 651 447 691 mille
481 650 559 690 sub
594 650 748 703 exiguo
780 655 941 703 ponent
975 648 1055 688 tibi
1085 654 1276 702 tempore
1310 661 1482 687 ueram:
1735 656 1812 697 190

332 732 397 758 res
429 718 623 772 oculique
655 717 819 765 docent,
851 732 916 757 res
947 717 1063 771 ipsae
1095 715 1262 756 eredere
1294 720 1461 768 cogunt.

333 785 437 839 quin
473 786 604 825 etiam
634 790 753 825 tactu
788 798 984 824 moneam
1017 784 1273 837 contingere,
1305 788 1400 823 tuto

332 854 366 893 si
400 854 549 894 liceat:
583 853 813 907 prohibent
846 852 1043 892 flammae
1078 851 1351 905 custodiaque
1385 849 1495 904 ignis

332 922 393 962 illi
426 922 609 976 operist:
643 926 788 962 arcent
822 920 963 961 aditus
996 921 1227 974 diuinaque
1260 934 1401 960 rerum

332 1006 456 1032 eura:
489 992 579 1032 sine
611 990 786 1031 arbitrio
819 995 908 1030 est:
947 989 1095 1029 eadem
1128 988 1273 1042 procul
1306 987 1448 1028 omnia
1480 1002 1634 1028 cernes.
1736 987 1814 1040 196

331 1075 407 1101 nec
438 1066 584 1101 tamen
615 1064 679 1099 est
712 1057 902 1106 dubium,
936 1057 1108 1111 penitus
1142 1056 1244 1110 quid
1277 1062 1435 1097 torreat
1467 1056 1621 1104 Aetna,

332 1134 408 1170 aut
439 1129 532 1183 quis
553 1125 771 1167 mirandus
804 1131 951 1166 tantae
985 1125 1102 1165 faber
1134 1125 1315 1178 imperet
1346 1125 1437 1165 arti.

331 1193 507 1248 pellitur
539 1194 770 1234 exhaustae
804 1193 1074 1247 glomeratim
1106 1193 1277 1232 nimbus
1310 1193 1506 1241 harenae,

332 1261 560 1314 flagrantes
591 1266 819 1314 properant
853 1260 995 1308 moles
1027 1259 1264 1299 uoluuntur
1294 1259 1347 1299 ab
1378 1259 1464 1299 imo
1732 1270 1816 1299 200

332 1329 638 1379 fundamenta3
668 1328 807 1383 fragor
836 1333 929 1368 tota
959 1342 1072 1368 nunc
1102 1327 1318 1381 rumpitur
1346 1326 1500 1375 Aetna,

335 1413 451 1439 nune
484 1398 602 1438 fusca
631 1397 795 1452 pallent
826 1396 1023 1437 incendia
1054 1396 1191 1436 mixta
1221 1395 1354 1436 ruina.

334 1467 423 1521 ipse
454 1466 600 1520 procul
630 1479 806 1519 magnos
838 1464 1019 1504 miratur
1049 1463 1246 1518 Iuppiter
1276 1463 1405 1517 ignes,

332 1549 441 1575 neue
473 1533 640 1588 sepulta
670 1532 773 1573 noui
804 1537 980 1586 surgant
1010 1532 1055 1572 in
1087 1531 1198 1571 bella
1227 1530 1433 1585 gigantes,

333 1617 415 1643 neu
448 1602 594 1642 Ditem
626 1600 745 1655 regni
775 1600 936 1654 pudeat
966 1614 1051 1640 neu
1083 1599 1261 1639 Tartara
1291 1599 1405 1639 eaelo
1732 1607 1810 1650 205

333 1675 486 1718 uertat,
520 1671 565 1710 in
597 1669 759 1710 occulto
791 1673 963 1709 tantum
993 1667 1173 1721 premit;
1216 1667 1442 1721 omniaque
1465 1672 1586 1708 extra

337 1738 552 1793 congeries
583 1737 720 1792 operit
751 1751 948 1777 saxorum
981 1742 1024 1776 et
1054 1735 1192 1790 putris
1222 1735 1407 1786 harena3

335 1822 443 1860 quae
475 1820 552 1846 nec
583 1811 734 1860 sponte
766 1819 842 1844 sua
873 1805 1035 1844 faciunt
1065 1819 1143 1845 nec
1174 1804 1356 1858 corporis
1387 1803 1485 1844 ullis

335 1879 574 1915 sustentata
604 1873 763 1913 cadunt
794 1873 957 1913 robusti
987 1873 1177 1913 uiribus:
1225 1887 1371 1914 omnes

224 2022 284 2053 186
329 2023 366 2052 ut
391 2022 500 2053 maior
530 2022 659 2061 speeies
687 2023 807 2053 aetnae
834 2023 1007 2053 succurrat
1032 2021 1148 2052 inanis

224 2077 284 2108 195
331 2078 369 2108 ut
396 2077 505 2108 maior
529 2077 658 2116 species
685 2079 763 2107 etne
790 2078 964 2107 succurrat
990 2076 1106 2107 inanis

223 2224 391 2255 1862195
415 2234 512 2256 seems
527 2227 687 2265 spurious.
782 2226 843 2257 186
866 2226 886 2256 b
904 2236 955 2256 omv
970 2237 1035 2257 αω.
1073 2226 1205 2265 follows
1224 2226 1285 2256 188
1302 2227 1335 2256 in
1354 2225 1386 2268 β.
1432 2225 1524 2265 operi
1540 2225 1571 2268 β.
1641 2227 1701 2258 187
1717 2226 1767 2258 1111
1785 2224 1817 2268 β.

221 2275 291 2305 illis
318 2288 384 2308 αω.
459 2279 700 2316 tantarumque
727 2287 805 2308 area
831 2287 944 2308 16111111
970 2278 1021 2307 est
1051 2276 1105 2318 βζ.
1162 2279 1337 2307 tantarum
1362 2277 1500 2316 sedesq3
1538 2287 1691 2308 arearum
1716 2279 1767 2309 est
1783 2290 1818 2311 α.

222 2327 397 2357 tantarum
421 2327 583 2367 sedesque
600 2338 676 2358 area
703 2328 790 2369 (area
805 2329 838 2369 γ)
863 2338 976 2358 rerum
993 2329 1042 2358 est
1062 2326 1121 2368 γδ.
1256 2328 1316 2358 188
1340 2327 1475 2358 incendi
1492 2327 1555 2369 αβ.
1601 2328 1759 2360 incendia
1781 2341 1819 2362 ω.

222 2376 373 2408 incendit
391 2377 432 2409 ς’.
604 2380 663 2409 189
687 2390 720 2408 >²0
746 2391 811 2410 αω.
879 2379 956 2408 Non
981 2378 1077 2408 illam
1104 2388 1210 2417 paruo
1231 2380 1290 2408 aut
1314 2378 1410 2408 1611111
1437 2378 1632 2409 discrimine
1657 2379 1762 2417 signis
1786 2381 1818 2424 β

224 2428 286 2459 190
309 2428 427 2467 exiguo
452 2431 580 2469 ponent
606 2429 668 2459 tibi
691 2431 841 2468 tempore
858 2441 892 2461 ω.
963 2429 1080 2467 exiguo
1105 2428 1311 2467 ponentibus
1336 2430 1489 2467 tempora
1510 2440 1543 2460 α.
1610 2439 1728 2461 ueram
1744 2434 1817 2464 Ed.

223 2488 304 2509 uera
329 2491 394 2511 αω.
454 2490 553 2511 ueras
579 2480 621 2512 ς’.
690 2480 849 2519 exiguum
876 2480 1016 2510 uenient
1041 2479 1103 2510 tibi
1130 2480 1270 2519 pignora
1291 2482 1426 2519 tempus
1450 2479 1480 2521 β.
1618 2482 1678 2513 191
1703 2483 1818 2514 oculos

222 2529 350 2561 ducunt
367 2529 398 2572 β.
449 2532 567 2569 cogent
584 2530 618 2572 β.
751 2532 812 2562 192
837 2540 994 2561 moneam
1012 2530 1042 2572 β
1104 2532 1240 2561 moneat
1257 2542 1289 2561 α..
1350 2532 1512 2561 moneant
1527 2530 1628 2572 γζὲῗ.
1683 2533 1758 2563 tuto
1782 2532 1814 2575 β.

222 2583 294 2612 toto
310 2593 376 2613 αω.
511 2582 571 2613 194
595 2581 721 2621 operist
743 2583 812 2612 Ed.
860 2581 950 2620 operi
969 2582 1019 2611 est
1037 2580 1257 2623 β.0]16111111
1279 2582 1329 2611 est
1353 2593 1419 2613 αω.
1539 2583 1601 2613 196
1624 2583 1733 2613 cernis
1750 2583 1817 2626 βω.

225 2632 285 2663 197
310 2631 390 2670 quid
408 2631 612 2674 β.(111111
629 2643 695 2664 αω.
788 2633 914 2662 torreat
931 2631 953 2674 β
964 2643 997 2663 ω.
1087 2633 1242 2671 torqueat
1259 2644 1290 2663 ο..
1361 2632 1487 2663 aethna
1503 2644 1536 2664 α.
1670 2633 1732 2665 198
1755 2635 1818 2666 im-

224 2684 317 2721 peret
342 2681 360 2712 8
372 2684 388 2720 ζ
400 2682 439 2714 5‘.
523 2683 669 2722 imperat
694 2682 748 2724 αβ
761 2695 783 2724 γ
796 2683 841 2721 εζ.
934 2684 994 2715 199
1019 2682 1202 2714 exhaustae
1220 2682 1250 2725 β.
1302 2685 1420 2714 exutae
1437 2695 1502 2715 αω.
1549 2684 1761 2723 glomeratim
1784 2685 1816 2728 β.

223 2733 429 2769 glomeratur
445 2744 509 2765 αω.
555 2734 758 2771 glomeratus
776 2732 818 2767 ς’.
864 2733 1010 2773 nymbus
1027 2734 1114 2776 αγζ.
1200 2735 1263 2763 200
1285 2734 1412 2764 uolunt·
1428 2746 1458 2765 α.
1548 2736 1609 2765 201
1636 2735 1771 2767 Aethna
1787 2749 1818 2769 α.

225 2784 286 2813 203
311 2792 450 2821 magnos
467 2795 535 2814 αω.
584 2786 697 2814 tantos
714 2783 744 2826 β.
881 2785 944 2814 204
966 2784 1061 2815 Neue
1078 2796 1145 2816 αω.
1192 2784 1242 2815 Ne
1260 2783 1290 2826 β
1380 2786 1443 2816 206
1466 2785 1583 2816 Vertat
1601 2784 1690 2828 βγζ.
1739 2787 1818 2818 Ver-
1840 2786 1844 2790 ”

225 2835 299 2865 tant
324 2833 409 2864 αδε.
487 2834 609 2872 premit
637 2846 703 2865 αω.
776 2835 892 2865 tremit
917 2834 949 2877 β.
1039 2834 1220 2874 omniaque
1244 2837 1337 2865 extra
1362 2834 1394 2877 β.
1474 2836 1589 2867 omnia
1612 2837 1728 2868 dextra
1750 2850 1817 2871 αω.

226 2886 287 2917 207
312 2885 420 2924 operit
436 2886 550 2915 Aldus.
619 2885 728 2924 operis
756 2884 853 2926 αβω.
921 2895 1042 2917 arenae
1069 2885 1101 2928 β.
1237 2887 1300 2917 208
1323 2886 1454 2918 faciunt
1480 2898 1548 2919 αω.
1615 2887 1759 2920 ueniunt
1784 2888 1816 2931 β.
