1997 3272
1039 207 1066 244 4

367 300 411 341 hi
439 300 594 355 Tityon
626 315 763 356 poena
795 306 983 342 strauere
1017 301 1061 342 in
1094 301 1240 356 iugera
1272 301 1443 343 foedum
1793 305 1847 343 80

365 368 664 421 †sollicitant†
696 370 759 411 illi
794 376 838 411 te
872 371 1039 419 circum,
1074 371 1265 419 Tantale,
1299 386 1426 425 poma

367 437 681 492 sollicitamque
713 438 809 479 siti:
848 438 998 488 Minos,
1031 444 1202 493 tuaque,
1235 440 1387 488 Aeaee,
1422 440 1467 480 in
1499 439 1660 480 umbris

366 505 460 546 iura
492 512 649 547 canunt
684 506 882 560 idemque
918 512 1060 547 rotant
1094 507 1255 547 Ixionis
1289 507 1444 548 orbem.

365 573 566 628 quicquid
600 579 643 615 et
676 575 854 614 interius
886 574 980 614 falsi
1014 574 1094 614 sibi
1127 573 1292 614 conscia
1323 580 1456 615 terret

367 721 444 747 nec
477 713 536 752 tu,
572 713 695 755 terra,
731 709 857 749 satis:
894 708 1166 762 speculantur
1198 710 1376 749 numina
1409 709 1554 750 divum
1794 711 1842 761 85

365 789 441 815 noc
470 782 669 817 metuunt
705 777 844 817 oculos
880 777 1017 817 alieno
1051 777 1276 817 admittere
1311 779 1438 819 caelo,

366 850 523 883 norunt
557 844 667 884 bolla
700 844 839 894 doum,
874 851 1031 885 norunt
1064 845 1310 885 abscondita
1342 846 1463 886 nobis

365 909 561 964 coniugia
597 915 639 951 et
673 911 779 951 falsa
813 911 1009 965 quotiens
1043 913 1122 952 sub
1156 912 1340 966 imagine
1373 920 1529 967 peccet,

364 983 512 1019 taurus
545 980 587 1019 in
622 980 832 1035 Europen.
869 982 912 1021 in
946 982 1133 1022 Laedam
1166 983 1369 1023 candidus
1403 984 1489 1023 ales

364 1046 570 1101 Iuppiter,
604 1055 653 1089 ut
687 1049 862 1089 Danaae
895 1049 1104 1102 pretiosus
1137 1050 1309 1091 fluxerit
1344 1051 1492 1092 imber.
1790 1062 1847 1104 90

361 1113 507 1155 debita
539 1115 796 1156 carminibus
829 1117 1002 1156 libertas
1035 1117 1144 1167 ista3
1180 1118 1252 1158 sed
1287 1118 1424 1158 omnis

363 1181 407 1221 in
440 1196 540 1222 uero
573 1183 679 1222 mihi
711 1197 833 1222 cura:
869 1198 1019 1223 canam
1053 1199 1136 1237 quo
1170 1185 1334 1226 feruida
1366 1192 1485 1226 motu

363 1254 530 1289 aestuet
561 1250 705 1289 Aetna
736 1264 954 1303 nouosque
987 1265 1118 1304 rapax
1152 1251 1232 1291 sibi
1265 1259 1463 1306 congerat
1497 1253 1623 1305 ignes.

475 1330 744 1370 quacumque
778 1316 997 1357 inmensus
1030 1331 1073 1357 se
1107 1323 1245 1359 terrae
1278 1319 1456 1374 porrigit
1476 1321 1598 1360 >orbis

362 1384 626 1438 extremique
659 1384 787 1425 maris
821 1385 961 1426 curuis
993 1385 1225 1440 incingitur
1256 1387 1392 1435 undis,
1789 1399 1840 1443 95

362 1467 447 1493 non
479 1455 622 1494 totum
653 1460 696 1494 et
729 1453 979 1505 solidumst3
1009 1454 1113 1495 defit
1144 1469 1330 1509 namque
1365 1456 1501 1496 omnis
1534 1456 1669 1508 hiatu,

361 1529 475 1565 secta
506 1530 569 1565 est
601 1524 737 1565 omnis
768 1525 925 1565 humus
955 1525 1214 1579 penitusque
1245 1532 1396 1567 cauata
1429 1527 1603 1567 latebris

359 1593 488 1634 exiles
520 1608 723 1648 suspensa
753 1594 845 1635 uias
877 1594 991 1648 agit3
1022 1599 1156 1648 utque
1190 1595 1401 1636 animanti

358 1675 435 1714 per
465 1666 556 1701 tota
587 1667 773 1702 errantes
803 1667 1057 1716 percurrunt
1088 1677 1259 1716 corpora
1289 1677 1425 1703 uenae

359 1728 412 1769 ad
443 1729 591 1778 uitam,
626 1731 796 1785 sanguis
828 1731 964 1771 omnis
996 1745 1080 1785 qua
1112 1736 1322 1772 commeat
1353 1732 1479 1780 idem,
1764 1743 1842 1773 100

354 1802 467 1837 terra
497 1799 771 1851 uoraginibus
802 1804 1025 1853 conceptas
1057 1799 1214 1853 digerit
1245 1814 1378 1841 auras

358 1864 516 1905 scilicet
547 1872 621 1906 aut
653 1866 753 1906 olim
785 1867 921 1907 diuiso
953 1882 1123 1921 corpore
1154 1868 1304 1908 mundi

358 1933 402 1972 in
432 1933 567 1974 maria
597 1949 644 1975 ac
675 1940 808 1975 terras
840 1941 883 1975 et
914 1935 1062 1984 sidera,
1095 1950 1181 1976 sors
1212 1936 1314 1976 data
1343 1937 1457 1977 caelo

356 2000 502 2054 prima,
536 2008 680 2043 secuta
710 2003 848 2051 maris,
882 2003 1132 2057 dcseditque
1164 2003 1312 2043 infima
1342 2003 1481 2050 tellus,

355 2067 428 2108 sed
459 2069 581 2110 tortis
612 2070 766 2111 rimosa
793 2071 933 2122 cauis3
964 2076 1007 2111 et
1038 2072 1175 2125 qualis
1206 2087 1382 2112 aceruus
1762 2081 1835 2124 105

355 2136 475 2177 exilit
507 2137 725 2192 inparibus
756 2139 877 2180 iactis
909 2154 961 2179 ex
991 2144 1184 2194 tempore
1216 2140 1338 2189 saxis,

354 2211 402 2245 ut
433 2205 576 2246 crebro
608 2207 813 2248 introrsus
845 2208 982 2262 spatio
1014 2213 1195 2249 uacuata
1228 2208 1451 2263 charybdis

353 2274 538 2328 pendeat
569 2276 613 2316 in
645 2291 746 2325 sese,
780 2278 908 2318 simili
941 2293 1110 2332 quoque
1141 2283 1255 2319 terra
1285 2279 1421 2333 figura
1452 2284 1515 2318 est

237 2425 305 2454 Ed.
352 2435 464 2457 rerum
482 2438 549 2458 αω.
661 2431 701 2462 77
725 2429 884 2461 uiderunt
901 2443 968 2463 αω.
1015 2431 1208 2463 ?uicerunt.
1326 2433 1367 2462 80
1390 2430 1449 2461 Hii
1466 2442 1499 2462 α..
1589 2430 1628 2460 81
1653 2437 1753 2469 poma
1768 2429 1834 2460 Ed.

235 2484 343 2514 poena
359 2487 426 2507 αω.
538 2478 578 2508 82
604 2488 719 2518 aeaccc
736 2492 768 2512 α.
870 2482 911 2511 84
935 2482 999 2513 sibi
1016 2482 1149 2513 conscia
1166 2495 1188 2514 α.
1199 2483 1216 2521 ζ
1229 2482 1273 2514 ς’.
1318 2481 1486 2513 consortia
1502 2493 1524 2522 γ
1536 2479 1554 2511 8
1566 2492 1589 2512 ε.
1635 2482 1738 2511 terret
1754 2481 1810 2510 Ed
1828 2492 1835 2510 :

237 2541 255 2559 a
276 2541 304 2560 r.
322 2532 351 2561 is
369 2532 440 2561 here
458 2532 529 2561 lost.
575 2533 703 2562 terrent
721 2544 788 2563 αω.
849 2534 939 2563 terra
955 2533 1026 2571 ζέ.
1159 2535 1198 2565 85
1223 2535 1292 2565 Nec
1309 2535 1348 2564 tu
1364 2536 1454 2564 terra
1477 2544 1509 2564 α..
1556 2533 1625 2563 Nee
1642 2534 1680 2563 ut
1697 2533 1785 2561 terra
1803 2530 1832 2562 8.

237 2581 329 2611 Haeo
346 2584 383 2612 ut
400 2592 480 2612 uera
496 2594 551 2624 γε.
597 2583 674 2613 Non
691 2585 729 2614 ut
745 2586 833 2615 terra
849 2585 874 2622 ζ.
923 2585 999 2615 Non
1016 2586 1066 2615 est
1082 2586 1171 2616 terra
1185 2584 1226 2616 ς’.
1317 2586 1358 2615 86
1381 2586 1517 2615 metunt
1534 2597 1566 2616 α..
1657 2586 1697 2615 88
1720 2585 1834 2623 peccet

234 2631 306 2661 Ed.
351 2634 488 2669 peccent
505 2645 572 2663 αω.
683 2635 725 2665 90
748 2645 797 2664 om
813 2645 868 2676 γε.
926 2635 1033 2666 danao
1051 2647 1082 2666 u..
1195 2636 1235 2667 93
1260 2635 1386 2667 aethna
1403 2647 1435 2666 α..
1547 2636 1586 2667 95
1611 2634 1796 2673 incingitur
1811 2645 1834 2665 α.

234 2682 349 2711 Aldus.
395 2681 457 2712 hac
474 2683 578 2721 igitur
594 2683 623 2714 8.
670 2682 725 2715 hie
750 2685 860 2722 agitur
875 2697 930 2727 γε.
977 2685 1160 2724 agitabitur
1175 2686 1202 2724 ζ.
1249 2686 1395 2722 agitatur
1411 2685 1452 2715 ab
1469 2684 1511 2716 ε’.
1633 2686 1674 2716 96
1698 2686 1731 2715 et
1755 2684 1831 2714 soli-

234 2730 348 2761 ‹lumst
364 2733 434 2761 Ed.
481 2734 513 2762 ot
531 2734 638 2764 solido
654 2747 687 2766 α..
748 2740 781 2766 et
799 2736 946 2766 solidum
962 2748 997 2766 ω.
1060 2736 1141 2766 defit
1157 2737 1174 2774 ζ
1190 2747 1262 2767 corr
1278 2736 1321 2768 ς’.
1378 2736 1500 2766 desunt
1517 2747 1604 2777 αγε.
1652 2734 1777 2765 desinit
1801 2733 1830 2764 8.

233 2782 273 2813 97
298 2781 366 2819 agit
390 2784 494 2820 utque
512 2782 554 2813 ς’.
615 2786 762 2825 agiturq:
788 2798 811 2818 α
824 2786 866 2818 ς’.
928 2787 995 2825 agit
1012 2787 1114 2826 inque
1130 2786 1214 2828 γδε.
1327 2788 1389 2816 100
1412 2788 1579 2816 commeat
1594 2785 1694 2827 γζέ.
1755 2794 1831 2815 eum

232 2833 322 2864 meat
338 2843 370 2862 α..
417 2836 547 2863 comeat
564 2832 583 2863 ὃ
596 2845 618 2865 ε.
755 2838 815 2867 105
840 2837 937 2868 tortis
954 2849 987 2869 α.
1033 2837 1115 2868 totis
1131 2849 1166 2868 ω.
1280 2838 1340 2869 107
1364 2836 1497 2881 crebrer
1513 2848 1545 2868 α.
1591 2837 1735 2867 uacuata
1765 2834 1825 2873 ζςῖ

231 2889 330 2918 uacat
347 2887 421 2918 acta
438 2898 471 2918 α.
510 2898 559 2918 omr
575 2900 596 2930 γ
607 2888 625 2919 ὃ
637 2901 660 2920 ε.
701 2891 871 2923 charibdis
888 2905 921 2924 α.
965 2903 1013 2923 om
1030 2892 1080 2934 γὸ
1091 2904 1114 2924 ε.
1161 2892 1335 2932 corymbos
1351 2893 1420 2931 ἶς’.
1490 2894 1550 2924 108
1567 2892 1674 2931 figura
1689 2892 1741 2922 est
1756 2892 1828 2922 Ed.
