1997 3272
1021 211 1074 240 22

365 321 546 356 cernere,
581 321 689 361 quae
721 306 881 356 fratres,
916 306 986 347 ille
1020 305 1200 360 impiger
1233 306 1304 348 ille
1338 321 1525 356 canorus,

364 441 554 490 condere,
586 441 814 496 felicesque
847 442 985 482 alieno
1018 442 1277 482 intersumus
1311 457 1429 483 aeuo.
1768 453 1844 495 575

364 509 549 550 inuitata
581 509 666 563 piei
699 523 811 549 nunc
846 509 1032 549 carmine
1069 524 1169 549 saxa
1202 510 1387 564 lyraque,

364 593 488 627 nunc,
523 578 694 632 gemina
727 592 779 617 ex
815 592 910 626 11110,
942 577 1154 617 fumantia
1185 592 1301 618 sacra
1336 592 1492 632 uapore

341 647 569 686 vmiramur
603 651 852 699 septemque
887 645 1014 685 duces
1050 651 1308 699 raptumque
1343 647 1559 700 profundo.

364 713 529 754 detinet
564 713 747 753 Eurotas
780 712 866 752 illic
900 718 943 753 et
981 712 1136 766 Sparta
1169 713 1362 767 Lycurgi,

365 786 408 820 et
441 794 558 820 sacer
590 780 634 820 111
667 780 828 820 1101111111
862 794 1075 828 numerus,
1113 794 1188 819 sua
1221 780 1348 820 turba
1384 782 1563 834 regenti.
1768 785 1851 834 580

363 862 477 888 nunc
513 848 582 889 hic
619 847 846 902 Cecropiae
882 847 1011 887 uariis
1046 853 1295 902 spectantur
1327 848 1527 890 Athenae

363 916 619 957 carminibus
654 916 929 970 gaudentque
963 915 1040 956 soli
1071 916 1246 957 uictrice
1282 916 1490 957 Minerua.

365 985 522 1025 excidit
558 985 626 1024 1110
660 984 804 1025 reduci
838 985 1052 1039 quondam
1088 985 1180 1034 tibi,
1213 985 1375 1039 perfide
1412 986 1589 1036 Theseu,

364 1051 544 1092 candida
577 1052 755 1092 sollicito
795 1051 1071 1106 praemittere
1105 1053 1201 1093 uela
1237 1053 1414 1106 parenti.

363 1126 412 1160 tu
446 1134 613 1174 quoque
649 1120 921 1161 Athenarum
954 1135 1149 1162 carmen:
1187 1127 1274 1162 tam
1313 1122 1454 1162 nobile
1487 1121 1613 1170 sidus,
1768 1124 1845 1174 585

364 1187 558 1241 Erigone,
597 1188 717 1229 sedes
753 1194 897 1229 uestra
932 1195 1022 1229 est:
1056 1189 1293 1230 Philomela
1328 1189 1490 1229 canoris

365 1270 418 1296 en
453 1262 578 1297 uocat
615 1256 660 1296 in
693 1257 823 1306 siluis,
856 1262 899 1297 et
930 1263 991 1306 tu,
1023 1272 1138 1298 soror
1166 1258 1349 1312 hospita,
1388 1257 1511 1298 tectis

364 1323 589 1378 acciperis:
621 1325 719 1365 solis
756 1325 914 1366 Tereus
950 1325 1063 1366 ferus
1102 1326 1247 1367 exulat
1282 1326 1406 1380 agris.
1471 1316 1473 1318 ,

364 1392 570 1433 miramur
600 1393 750 1434 Troiae
785 1394 946 1435 cineres
983 1402 1026 1436 et
1061 1396 1203 1436 flebile
1236 1395 1360 1436 uictis

365 1459 603 1514 Pergamon
636 1461 930 1516 extinctosque
963 1477 1038 1503 suo
1071 1463 1261 1517 Phrygas
1298 1463 1510 1504 Hectore:
1543 1477 1725 1517 paruum
1769 1472 1851 1516 590
1897 1506 1900 1510 ,

364 1529 645 1583 conspicimus
678 1530 823 1584 magni
857 1531 1075 1571 tumulum
1106 1531 1251 1571 ducis:
1285 1531 1355 1571 1110
1386 1536 1428 1571 et
1460 1531 1649 1571 Achilles

363 1596 545 1651 impiger
570 1603 620 1638 -et
652 1597 793 1638 uictus
830 1598 975 1652 magni
1007 1599 1117 1640 iacet
1151 1599 1349 1640 Hectoris
1384 1599 1508 1640 ultor.

364 1666 469 1720 quin
503 1667 634 1707 etiam
667 1667 820 1708 Graiae
856 1667 961 1708 fixos
994 1673 1172 1710 tenuere
1207 1669 1391 1710 tabellae

364 1734 563 1788 signaue:
593 1750 707 1776 nunc
738 1735 926 1790 Paphiae
958 1737 1139 1778 rorantis
1170 1743 1293 1792 patre
1329 1738 1482 1793 capilli,

364 1803 442 1842 sub
473 1808 592 1844 truce
626 1818 739 1844 nunc
771 1805 895 1858 parui
931 1805 1128 1847 ludentes
1163 1806 1363 1847 Colchide
1400 1806 1503 1855 nati,
1769 1812 1845 1857 595

364 1884 478 1910 nunc
509 1871 651 1911 tristes
682 1872 792 1912 eirca
823 1873 1038 1913 subiectae
1070 1874 1221 1914 altaria
1251 1888 1401 1914 ceruae

364 1938 617 1992 uelatusque
650 1944 781 1992 pater,
816 1954 929 1980 1111110
963 1940 1097 1993 gloria
1129 1941 1231 1980 uiua
1262 1940 1448 1994 Myronis

364 2006 467 2047 haec
498 2012 540 2047 et
573 2007 659 2047 iam
692 2007 765 2048 illa
800 2023 976 2060 manus3
1009 2023 1185 2063 operum
1216 2009 1452 2063 turbaeque
1489 2011 1721 2047 morantur.

480 2075 585 2115 haec
622 2075 801 2116 uisenda
832 2082 959 2130 putas
992 2082 1106 2118 terra
1140 2077 1379 2131 dubiusque
1413 2075 1634 2129 marique?

248 2234 351 2274 Rooys.
398 2235 541 2267 materia
557 2237 590 2266 et
606 2236 706 2267 terris
723 2249 745 2269 α,
757 2249 792 2270 ω.
884 2238 947 2270 574
971 2249 989 2268 a
1008 2249 1036 2270 r.
1060 2240 1087 2269 is
1112 2240 1184 2271 lost.
1233 2248 1317 2278 quae
1335 2237 1411 2270 ας.
1459 2246 1523 2277 que
1540 2249 1562 2269 e·
1613 2236 1694 2275 ‘1110‘ss
1709 2234 1738 2266 ὃ·
1785 2243 1849 2273 que

248 2286 281 2314 et
297 2296 319 2326 γ
331 2284 371 2316 ς’.
547 2287 608 2318 575
632 2287 841 2318 intersumus
858 2300 889 2320 α.
957 2289 1145 2320 intersumo
1161 2289 1188 2321 8.
1258 2292 1469 2320 transumere
1485 2300 1540 2329 γε.
1587 2286 1760 2318 interserit
1775 2284 1845 2323 ἶς’.

249 2336 312 2368 576
335 2335 403 2375 piei
419 2337 488 2368 Ed.
536 2337 602 2376 piis
619 2349 641 2368 α.
653 2337 707 2376 ὃζ.
755 2339 811 2377 pio
827 2350 849 2380 γ
862 2351 884 2370 ε.
1017 2340 1078 2371 577
1105 2350 1199 2370 sacra
1218 2342 1376 2378 Svaligyer.
1426 2348 1505 2369 saxa
1522 2350 1589 2370 αω.
1638 2339 1699 2370 579
1727 2337 1850 2376 sparta

248 2387 354 2416 Aldus
373 2387 463 2417 15:34.
533 2397 648 2426 sparsa
665 2400 730 2420 αω.
823 2389 951 2427 lygurgi
969 2401 1000 2421 α.
1179 2391 1242 2420 580
1265 2389 1393 2425 regenti
1412 2391 1569 2427 Scaliger.
1637 2388 1763 2418 recenti
1780 2399 1803 2418 α.
1814 2400 1847 2419 ω.

248 2437 309 2467 581
334 2437 507 2476 cycropiae
524 2450 556 2470 o..
603 2438 755 2470 Athenae
771 2452 816 2481 γε
829 2439 869 2471 ς’.
924 2440 1059 2471 athenis
1076 2452 1098 2471 α
1110 2440 1138 2471 ὃ.
1233 2441 1293 2470 582
1319 2440 1383 2470 soli
1399 2452 1431 2471 α.
1479 2440 1531 2469 sui
1549 2439 1567 2470 δ
1579 2439 1621 2470 5‘.
1669 2448 1731 2469 sua
1747 2450 1768 2480 γ
1779 2449 1791 2469 ε
1803 2438 1846 2471 S‘.

248 2487 311 2517 584
334 2488 530 2526 premittere
547 2501 578 2520 α..
647 2490 845 2529 promittere
861 2503 883 2532 γ
895 2503 918 2522 ε.
988 2491 1184 2530 permittere
1201 2490 1254 2529 δζ.
1434 2491 1496 2521 586
1521 2492 1571 2520 est
1588 2489 1794 2529 phylomella
1811 2500 1843 2521 α.

248 2538 458 2577 amphilonia
475 2539 504 2570 8.
550 2540 757 2579 emphiloma
773 2553 795 2582 γ
807 2553 827 2572 ε.
875 2541 1058 2580 amphiona
1073 2543 1089 2580 ζ
1103 2541 1146 2572 5'.
1236 2542 1297 2573 537
1321 2541 1377 2571 En
1394 2542 1492 2571 uocat
1509 2542 1579 2571 Ed.
1625 2541 1758 2571 Euocat
1774 2552 1797 2571 α,
1809 2552 1843 2571 ω.

247 2590 311 2619 599
327 2590 562 2629 extinctusque
576 2602 606 2622 α.
651 2600 711 2621 suo
728 2603 758 2622 α..
807 2601 885 2622 suos
902 2604 934 2623 ω.
977 2591 1133 2622 1111001010
1145 2604 1176 2623 α.
1269 2592 1329 2623 591
1348 2592 1534 2622 tumultum
1548 2603 1579 2622 α.
1672 2592 1734 2621 592
1750 2590 1847 2621 111100-

246 2639 329 2669 toris
346 2652 378 2671 α..
469 2641 530 2672 593
554 2641 639 2671 fixos
655 2643 794 2673 tenuere
810 2642 954 2673 tabellae
970 2644 1086 2673 Aldus.
1137 2643 1220 2673 fixas
1236 2643 1380 2673 timuere
1397 2642 1538 2672 tabellas
1552 2654 1617 2673 αω.
1711 2642 1772 2673 594
1795 2641 1846 2673 Si-

247 2700 355 2729 81111110
372 2702 395 2722 α
406 2702 428 2732 γ
440 2690 480 2722 ς’.
551 2691 655 2731 Signa
670 2701 732 2723 nec
748 2691 776 2724 ὃ.
829 2692 996 2731 Signaque
1014 2704 1027 2724 ε
1038 2693 1054 2731 ζ
1066 2692 1107 2724 S‘.
1174 2693 1282 2731 paflae
1300 2705 1365 2724 αω.
1434 2694 1586 2723 rorantes
1602 2693 1698 2731 patre
1715 2693 1845 2731 Haupt.

247 2742 396 2772 rorantia
414 2744 506 2780 parte
524 2754 547 2773 α,
558 2755 591 2773 ω.
639 2745 791 2774 rorantes
809 2746 902 2782 parte
919 2743 988 2782 ζς.
1047 2743 1173 2774 camilli
1192 2755 1214 2774 α
1226 2756 1259 2775 ω.
1309 2743 1448 2782 capillos
1464 2742 1533 2781 35.
1670 2743 1731 2773 595
1755 2741 1846 2773 chol-

247 2792 345 2823 0111ᾱο
362 2804 384 2823 α
396 2804 427 2833 γ.
519 2794 580 2823 596
605 2793 774 2824 subiectae
791 2795 902 2824 Aldus.
951 2794 1101 2825 subiecta
1117 2806 1140 2825 α.
1152 2807 1185 2825 ω.
1307 2795 1368 2826 597
1393 2794 1475 2824 uiua
1491 2806 1514 2825 α.
1527 2806 1560 2825 ω.
1610 2803 1713 2824 uacca
1729 2795 1847 2832 Haupt

249 2845 329 2883 (ancl
347 2844 534 2883 Schrmler).
671 2845 733 2875 598
757 2845 850 2875 Haec
868 2846 933 2875 add
949 2846 1019 2877 Ed.
1085 2856 1135 2875 om
1151 2857 1173 2876 α.
1185 2857 1218 2877 ω.
1289 2845 1379 2884 Quin
1396 2846 1463 2876 aad
1478 2844 1548 2883 ξς.
1604 2844 1650 2875 Et
1666 2844 1736 2874 iam
1752 2843 1846 2874 mille

248 2897 376 2934 Haupt.
422 2896 597 2925 morantur
614 2894 655 2926 ς’.
702 2898 874 2927 moranter
889 2909 920 2928 α..
969 2898 1161 2928 morantem
1177 2909 1210 2929 ω.
1316 2897 1378 2928 599
1402 2898 1491 2928 terra
1508 2908 1531 2928 α.
1544 2896 1574 2928 ὃ.
1619 2898 1727 2927 terrae
1743 2907 1788 2937 γε
1801 2895 1842 2928 S‘.
