1997 3272
1052 231 1107 260 20

397 333 440 369 et
475 327 625 382 figulos
660 326 760 368 huic
797 341 886 368 esse
919 326 1070 377 fidem;
1107 326 1206 367 dein
1239 326 1403 380 frigoris
1438 340 1518 366 usu

396 395 598 436 duritiem
630 405 826 436 reuocare
863 409 984 435 suam
1017 399 1061 434 et
1100 393 1386 447 constringere
1422 407 1562 433 uenas.

398 463 470 503 sed
506 463 675 518 signum
713 477 936 504 commune
972 463 1067 502 leue
1101 467 1165 502 est
1201 467 1330 516 atque
1366 461 1486 501 irrita
1518 475 1643 500 causa

398 544 507 584 quae
542 530 753 585 trepidat:
785 535 898 570 certo
934 543 1086 569 uerum
1120 528 1201 569 tibi
1234 528 1408 582 pignore
1442 532 1619 568 constat.

398 613 499 638 nam
531 599 653 638 uelut
686 598 826 651 arguti
862 602 1016 637 natura
1049 601 1112 636 est
1147 596 1266 643 aeris,
1301 601 1343 636 et
1379 596 1469 649 igni
1799 605 1881 647 520

400 679 497 705 cum
533 664 743 705 domitum
777 669 852 713 est,
887 669 1083 704 constans
1120 663 1354 716 eademque
1391 668 1434 703 et
1469 663 1616 704 robore
1654 663 1781 711 saluo,

400 738 581 786 utraque
620 738 668 773 ut
700 732 833 786 possis
869 732 976 772 aeris
1012 745 1258 785 cognoscere
1291 736 1483 785 partem·‚

403 800 518 841 haud
555 801 680 842 aliter
714 800 821 855 lapis
851 801 922 841 ille
953 806 1085 848 tenet,
1120 814 1194 840 seu
1229 799 1337 840 forte
1370 799 1591 840 madentes

403 868 540 909 effluit
576 868 620 908 in
657 868 849 908 flammas
883 868 973 908 siue
1007 873 1069 908 est
1107 882 1276 908 securus
1310 867 1363 907 ab
1402 867 1497 916 illis,
1771 918 1774 919 ⁷

403 941 711 990 conseruatque
742 942 876 985 notas,
913 950 989 976 nec
1025 936 1197 976 uultum
1232 935 1420 989 perdidit
1453 935 1577 989 ignis.
1803 944 1879 986 525

404 1004 508 1058 quin
544 1004 675 1044 etiam
713 1009 934 1044 externam
971 1003 1117 1043 multis
1151 1003 1262 1043 color
1295 1003 1383 1056 ipse
1416 1003 1581 1051 refellit,

405 1087 489 1113 non
527 1072 627 1113 odor
662 1078 738 1113 aut
771 1072 948 1113 leuitas:
987 1072 1124 1126 putris
1159 1071 1294 1126 inagis
1330 1072 1401 1112 ille
1436 1072 1655 1125 magisque

407 1153 493 1179 una
527 1140 662 1193 operis
697 1139 836 1187 facies,
871 1139 1020 1179 eadem
1056 1154 1215 1193 perque
1253 1139 1395 1180 onmia
1430 1144 1544 1179 terra
1577 1144 1653 1179 est.

406 1222 484 1247 nec
516 1212 662 1248 tamen
695 1207 856 1247 infitior
891 1207 1051 1261 lapides
1088 1208 1301 1248 ardescere
1335 1213 1480 1257 certos,

407 1273 585 1313 interius
617 1274 755 1314 furere
789 1288 1008 1314 accensos:
1048 1274 1151 1314 haec
1187 1275 1357 1328 propria
1394 1275 1541 1324 uirtus.
1808 1284 1889 1326 530

408 1341 512 1394 quin
545 1341 646 1395 ipsis
678 1341 893 1395 quondam
931 1342 1063 1382 Siculi
1100 1343 1351 1397 cognomina
1387 1344 1496 1384 saxis

406 1408 630 1462 inposuere
661 1407 908 1461 †fridicas†
940 1414 984 1449 et
1018 1409 1103 1449 iam
1141 1409 1230 1464 ipso
1266 1410 1439 1451 nomine
1475 1410 1644 1464 signant

407 1479 543 1519 fusilis
577 1494 665 1520 esse
701 1469 836 1520 notas.
875 1494 1111 1533 numquam
1142 1485 1289 1520 tamen
1319 1480 1392 1520 illa
1421 1480 1672 1534 liquescunt,

408 1548 604 1602 quamuis
640 1548 839 1590 materies
874 1548 1018 1588 foueat
1049 1548 1232 1588 sucosior
1263 1548 1391 1597 intus,

408 1631 486 1657 nec
518 1617 690 1671 penitus
725 1632 861 1658 uenae
893 1617 1052 1658 fuerint
1088 1616 1310 1658 commissa
1342 1617 1504 1657 molari.
1810 1625 1886 1667 535

525 1683 638 1737 quod
671 1684 706 1724 si
737 1684 831 1738 quis
866 1683 1019 1738 lapidis
1053 1683 1232 1724 miratur
1263 1683 1386 1724 fusile
1419 1683 1556 1733 robur,

409 1749 566 1804 cogitet
600 1751 765 1792 obscuri
801 1752 1023 1792 uerissima
1058 1752 1171 1792 (licta
1205 1752 1350 1802 libelli,

413 1818 643 1867 Heraclite,
682 1820 760 1869 tui,
795 1820 903 1860 nihil
936 1820 1222 1874 insuperabile
1258 1820 1312 1860 ab
1345 1819 1446 1874 igni,

413 1886 555 1926 onmia
588 1901 672 1940 quo
707 1901 849 1927 rerum
886 1892 1064 1927 naturae
1094 1887 1255 1928 semina
1290 1887 1409 1927 iacta.

414 1953 486 1993 sed
519 1954 701 1994 nimium
736 1955 815 1995 hoc
848 1955 1034 1995 mirum?
1070 1955 1321 1996 densissima
1359 1970 1531 2009 corpora
1567 1969 1691 2009 saepe
1812 1963 1895 2005 540

413 2025 457 2060 et
490 2021 619 2062 solido
655 2022 796 2063 uicina
827 2028 973 2063 tamen
1007 2023 1295 2077 conpescimus
1331 2023 1432 2077 igni.

412 2102 497 2128 non
533 2089 694 2129 animos
728 2090 835 2130 aeris
867 2091 1050 2131 fiammis
1086 2091 1357 2132 succumbere
1389 2091 1552 2132 cernis?

413 2155 626 2197 lentitiem
661 2158 889 2211 plumbum
921 2173 1006 2198 11011
1040 2159 1188 2200 exuit?
1225 2159 1400 2213 ipsaque
1432 2159 1532 2199 ferri

415 2225 613 2265 materies
649 2226 859 2279 praedura
892 2233 1040 2267 tamen
1076 2228 1341 2268 subuertitur
1377 2227 1477 2282 igni,

299 2339 411 2372 fundit
428 2354 451 2374 α,
462 2355 497 2374 ω.
630 2345 692 2376 519
716 2346 855 2385 tripidat
872 2358 904 2378 α.
972 2349 1061 2378 certe
1077 2357 1197 2378 uerum
1214 2347 1274 2377 tibi
1293 2359 1324 2378 α..
1372 2357 1491 2377 uerum
1508 2346 1566 2377 ubi
1583 2348 1673 2377 certo
1690 2345 1708 2377 8
1719 2346 1745 2384 ζ.
1805 2347 1896 2376 certo

300 2402 346 2422 om
364 2404 417 2434 γε.
462 2394 509 2424 ibi
525 2406 557 2436 γ.
690 2397 752 2427 520
775 2399 897 2428 1111111111
913 2399 964 2428 est
981 2409 1003 2428 α
1019 2399 1134 2428 Aldus.
1181 2400 1323 2428 naturae
1344 2409 1378 2428 ω.
1425 2397 1495 2435 igni
1513 2399 1674 2436 Scaliyer.
1720 2397 1809 2435 ignis
1825 2409 1895 2428 αω.

300 2442 360 2473 521
387 2444 471 2475 Cum
498 2445 666 2477 domitum
693 2458 716 2478 α.
736 2448 853 2478 Aldus.
944 2448 1185 2478 Condomitum
1208 2460 1244 2478 ω.
1332 2450 1492 2478 constans
1508 2449 1580 2478 Ed.
1671 2450 1804 2478 constat
1827 2460 1893 2480 αω.

299 2497 362 2527 522
386 2497 534 2537 Vtraque
550 2502 619 2533 Ed.
668 2501 829 2541 Vltraque
846 2514 869 2534 ο,
881 2502 909 2534 ὃ.
956 2503 1141 2542 Vtramque
1157 2514 1202 2544 γε
1213 2502 1255 2534 5‘.
1302 2512 1480 2542 cognoscer
1495 2514 1527 2533 α..
1581 2504 1713 2541 partem
1732 2504 1895 2537 Gorallns.

298 2550 431 2587 portam
448 2561 513 2580 αω.
688 2551 749 2581 525
774 2553 910 2582 uultum
934 2564 956 2583 u.
972 2553 1088 2584 Aldus.
1156 2553 1257 2582 uultu
1272 2565 1304 2584 ω.
1377 2552 1466 2591 ignis
1488 2564 1542 2593 αγ
1557 2554 1672 2583 Aldus.
1740 2552 1834 2591 ignes
1857 2567 1891 2587 ω.

300 2598 362 2629 526
386 2599 510 2629 refellit
527 2611 557 2631 α.
629 2601 771 2632 resoluit
787 2614 821 2634 ω.
954 2604 1016 2634 527
1041 2602 1143 2633 odora
1159 2605 1196 2633 ut
1213 2615 1244 2634 o..
1381 2603 1442 2633 529
1466 2603 1595 2634 infitior
1610 2615 1640 2644 γ.
1711 2603 1844 2635 inficior
1859 2617 1890 2637 α.

300 2649 362 2679 530
386 2650 550 2680 Interitus
576 2662 608 2682 α.
677 2662 817 2683 accenso
844 2665 875 2684 α..
943 2653 1079 2692 propria
1112 2653 1181 2691 ξς.
1251 2653 1391 2693 propala
1416 2665 1482 2685 αω.
1690 2655 1752 2685 531
1777 2656 1894 2694 Quiin-

299 2698 382 2737 ipsis
400 2710 432 2730 α.
479 2700 649 2738 qnondam
665 2704 735 2734 Ed.
785 2702 951 2741 quaedam
968 2715 1033 2735 αω.
1146 2704 1208 2734 532
1232 2704 1367 2734 nicheas
1384 2715 1415 2735 α.
1461 2703 1587 2735 frichas
1607 2715 1658 2746 γε.
1705 2705 1806 2736 fricas
1822 2706 1891 2744 ζέ.

299 2749 433 2788 phrieus
459 2750 487 2782 8.
564 2753 703 2783 nomine
731 2753 869 2792 signfmt
895 2766 927 2784 ω.
1009 2754 1122 2785 01111110
1147 2754 1343 2793 significarit
1370 2767 1401 2786 α.
1621 2757 1683 2786 533
1706 2756 1834 2788 Fusilis
1859 2770 1890 2790 α..

299 2800 432 2830 Fusiles
447 2812 481 2831 ω.
592 2803 654 2833 53ss
678 2803 801 2842 lapidis
817 2804 886 2842 ἶς’.
934 2804 1062 2843 lapides
1079 2816 1144 2837 αω.
1259 2806 1321 2837 537
1346 2805 1490 2845 Cogit-tet
1507 2817 1540 2837 α..
1644 2807 1706 2837 538
1730 2807 1895 2838 Heracliti

300 2853 327 2882 ὣ
344 2850 400 2880 ubi
416 2862 446 2891 γ.
511 2851 670 2883 Eradieet
687 2853 745 2883 ubi
762 2853 792 2886 ὃ.
853 2854 1013 2885 Eradicet
1029 2864 1109 2885 uero
1125 2855 1149 2892 ζ.
1214 2855 1259 2886 Et
1276 2855 1364 2886 dicet
1381 2866 1460 2886 uero
1478 2855 1518 2887 5‘.
1590 2856 1631 2888 ab
1647 2857 1717 2896 igni
1735 2859 1893 2897 Scaliger.

300 2900 391 2941 gigni
407 2912 472 2932 αω.
648 2904 710 2935 539
735 2914 800 2943 quo
817 2905 976 2943 Scaliaer.
1070 2915 1155 2944 quae
1171 2917 1238 2937 αω.
1328 2908 1471 2938 naturae
1487 2907 1535 2948 γζ
1547 2907 1588 2938 5‘.
1677 2909 1801 2940 natura
1824 2920 1889 2942 σιω.
